2986 5138
420 553 728 623 Annnrsun
760 553 880 623 Lrs.
913 553 940 624 Ι.
1119 579 1165 650 43

200 722 371 810 stationes,
397 722 502 796 stratis
531 722 634 794 etiam
660 742 736 796 tum
762 748 822 818 per
846 724 985 813 cubilia,
1012 745 1165 823 propter-

200 867 271 938 que
289 838 431 930 mensas,
458 844 554 914 nullo
582 862 690 931 metu,
718 868 787 913 non
803 844 997 938 antepositis
1014 844 1163 942 vigiliis;

199 959 288 1032 adeo
320 963 444 1032 cunda
471 960 601 1034 incurias
629 959 767 1057 disjesta
795 983 911 1033 erant:
939 989 1051 1059 neque
1083 965 1165 1037 belli

199 1079 326 1164 timor3
353 1105 393 1152 ac
413 1105 456 1151 ne
473 1106 542 1175 pax
561 1079 718 1175 quidem,
746 1079 805 1151 nifi
828 1081 991 1177 languida
1009 1088 1041 1154 δι
1059 1082 1166 1155 soluta

199 1198 288 1271 inter
304 1201 521 1270 temulentos.

246 1321 310 1390 Ll.
335 1319 475 1389 CAEsnrt
493 1317 610 1390 avidas
627 1317 792 1415 legiones,
818 1316 889 1414 qud
906 1315 1004 1388 latior
1020 1322 1167 1414 popula-

198 1434 248 1509 tio
269 1436 368 1526 soret,
396 1457 543 1534 quatuor
570 1436 605 1508 in
635 1462 761 1509 cuneos
788 1434 965 1531 dispertit:
993 1438 1164 1534 quinqua·

199 1554 295 1651 ginta
319 1556 470 1628 millium
496 1554 641 1652 spatium
669 1555 756 1627 ferro
784 1554 1001 1652 flammisque
1029 1556 1164 1653 pervas-

197 1692 270 1745 tat:
304 1701 376 1746 non
404 1675 516 1762 sexus,
543 1701 612 1746 non
638 1693 718 1747 aetas
746 1671 995 1746 miserationem
1021 1677 1136 1750 attulit
1150 1707 1162 1764 ς

197 1791 337 1889 profana
354 1796 452 1866 simul
470 1798 502 1865 a
520 1792 623 1881 sacra,
651 1797 683 1864 δι
702 1791 961 1865 celeberrimum
990 1793 1056 1865 illis
1078 1821 1162 1891 gen-

195 1912 287 1984 tibus
304 1915 490 2008 templum,
517 1914 612 2009 quod
631 1913 784 2005 ‘Tartsanae
808 1912 991 1998 vocabant,
1017 1911 1088 1986 solo
1117 1940 1162 1985 ae·

196 2053 355 2126 quantur.
404 2031 484 2104 Sine
513 2032 652 2104 vulnere
678 2030 816 2119 milites,
843 2029 903 2125 qui
930 2028 1161 2122 semisomnos,

195 2149 358 2240 inermos,
376 2171 436 2223 aut
453 2153 605 2247 palantes
622 2150 822 2224 ceciderant.
843 2149 985 2222 Excivit
1001 2174 1041 2221 ea
1053 2153 1162 2224 caedes

194 2272 383 2360 Bructeros,
401 2273 594 2360 Tubantes,
612 2274 785 2366 Ufipetes;
802 2267 983 2367 saltusque,
1001 2294 1060 2366 per
1073 2297 1161 2367 quos

193 2389 359 2462 exercitui
374 2392 552 2487 regressus,
578 2389 749 2461 insedsre:
778 2390 873 2486 quod
894 2415 1039 2486 gnarum
1052 2390 1133 2462 duci
1148 2423 1157 2463 ε

194 2506 392 2606 inceffitque
425 2507 536 2581 itineri
566 2512 599 2579 a
633 2508 780 2603 proelio:
818 2533 894 2605 pars
926 2508 1097 2605 equitum,
1125 2517 1159 2583 &

193 2627 379 2699 auxiliariae
410 2630 566 2700 cohortes
581 2629 776 2714 ducebant;
804 2654 889 2700 mox
916 2627 1026 2724 prima
1052 2629 1157 2726 legio,

194 2749 229 2817 ἃ
247 2746 370 2820 mediis
386 2746 655 2842 impedimentis,
683 2745 847 2819 sinistrum
872 2748 958 2819 latus
980 2747 1157 2820 unetvice-

194 2864 326 2956 simani,
352 2866 515 2940 dextrum
544 2865 700 2962 quintani
730 2863 894 2937 claussre:
922 2865 1081 2938 vicesima
1110 2869 1158 2938 le.

193 2982 253 3078 gio
285 3006 378 3081 terga
410 2984 574 3071 firmavit,
612 2983 685 3079 post
717 2984 819 3056 ceteri
851 2982 1030 3056 sociorum.
1091 2988 1159 3059 Sed

191 3101 316 3191 hostes,
343 3104 453 3175 donec
474 3129 601 3200 agmen
622 3128 682 3199 per
702 3101 802 3177 saltus
824 3102 1065 3200 porrigeretur,
1092 3105 1157 3178 im-

192 3220 302 3304 moti;
328 3221 408 3293 dein
433 3223 548 3311 latera,
577 3226 610 3294 &
639 3220 788 3295 frontem
816 3221 958 3294 modice
985 3222 1156 3296 adsultan-

191 3357 255 3427 tes,
281 3342 352 3411 totfi
369 3340 404 3411 vi
421 3340 618 3413 novillimos
640 3340 835 3413 incurrere:
863 3343 1157 3439 turbabanturque

190 3458 300 3530 densis
318 3461 570 3532 Germanorum
587 3459 731 3532 catervis
757 3461 849 3531 leves
877 3461 1047 3550 cohortes,
1075 3463 1157 3535 crim

189 3575 313 3668 Caesar,
351 3580 514 3653 adredus
546 3581 590 3652 ad
623 3578 857 3668 vicefimanos‚
896 3604 983 3651 voce
1015 3585 1155 3678 magns,

190 3698 298 3770 “hoc
316 3697 402 3770 illud
427 3719 561 3794 tempus
578 3698 799 3772 obliterandae
816 3698 1013 3771 seditionis''
1035 3701 1154 3772 clami-

189 3818 308 3888 tabat:
339 3825 365 3859 “
381 3839 571 3915 pergerent,
599 3838 816 3915 properarent
833 3820 971 3913 culpam
998 3818 1033 3889 in
1050 3821 1154 3895 decus

190 3938 217 3983 ⁶‘
232 3938 397 4016 vertere.’'
464 3935 626 4017 Exarsdre
663 3936 800 4027 animis,
848 3962 987 4035 unoque
1024 3938 1155 4037 impetu
