2986 5138
251 602 276 682 ii

259 784 293 853 δι
322 804 403 853 cum
430 774 528 851 editis
551 774 726 850 contulere
749 772 889 849 Curtius
912 772 1121 850 Pichena&
1149 776 1229 875 Jac.

257 898 473 986 Gronovius,
501 896 554 967 vir
577 896 610 968 in
636 896 730 969 libris
748 895 873 993 scriptis
889 894 987 967 tritus
1007 896 1227 971 admodum:

258 1040 410 1111 quorum
446 1014 623 1112 diligentia
664 1042 735 1087 non
769 1040 892 1111 parum
928 1013 1053 1087 Tacito
1087 1016 1231 1112 profuit.

258 1136 369 1207 Hunc
387 1134 554 1207 Codicem
580 1134 841 1206 vetustissimum
867 1134 934 1206 esse
950 1133 1106 1206 constat:
1135 1154 1228 1210 cete·

255 1278 336 1327 rum
352 1254 416 1327 viri
427 1254 536 1343 docti,
562 1255 622 1351 qui
639 1279 719 1327 eum
734 1256 935 1343 uastarunt,
954 1253 1151 1343 Beroaldus,
1168 1255 1229 1327 Pi·

255 1374 378 1464 chena,
405 1394 540 1447 tantum
557 1371 710 1445 universe
725 1371 796 1469 ejus
819 1370 1057 1468 antiquitatem
1072 1397 1230 1446 comme·

255 1518 447 1581 moravere,
472 1517 553 1565 cum
569 1493 614 1563 de
629 1490 764 1563 alterius
782 1510 881 1562 aetate
898 1495 931 1563 &
948 1488 1111 1587 scriptura
1125 1490 1230 1564 multi

255 1608 433 1681 dixerint:
468 1610 561 1681 unde
589 1606 720 1681 sadum
748 1608 898 1699 videtur,
935 1629 974 1681 ut
1002 1610 1047 1682 de
1078 1628 1229 1707 utroque

256 1727 388 1801 Codice
414 1726 585 1816 nonnulli,
612 1747 779 1823 tanquam
809 1727 854 1800 de
880 1752 966 1815 unu,
991 1728 1228 1824 loquerentur,

255 1848 351 1920 velut
378 1846 448 1945 ipse
478 1849 566 1921 Abr.
594 1845 809 1934 Gronovius,
834 1848 879 1917 V.
897 1847 940 1919 C.
966 1846 1002 1919 in
1031 1844 1231 1943 praesatione

253 1966 413 2040 editionis
425 1968 547 2063 Lugd.
564 1968 635 2037 Bat.
650 1991 681 2037 a.
708 1987 809 2060 1721.
834 1966 1076 2062 promulgatae,
1095 1964 1150 2038 cui
1166 1990 1229 2061 pa·

255 2086 360 2159 rentis
387 2106 485 2156 notas
512 2081 679 2182 addidits
698 2107 780 2154 cum
802 2081 976 2156 diversum
1000 2085 1093 2157 hunc
1119 2083 1229 2157 Codi-

255 2226 333 2273 cem
350 2203 416 2272 elle
432 2201 475 2270 ab
492 2200 612 2285 altere,
638 2201 682 2272 de
699 2227 771 2297 quo
786 2227 886 2291 mox,
917 2222 1048 2275 certum
1065 2206 1115 2275 fit.
1157 2202 1231 2277 vid.

254 2318 461 2395 Montesalc.
488 2318 577 2390 Bibl.
595 2320 697 2392 MSS.
726 2345 760 2415 p.
780 2344 861 2415 374.
910 2322 1018 2417 Qrod
1044 2325 1067 2393 s1
1091 2323 1231 2415 Jacobo

254 2438 461 2536 contigisset,
486 2457 525 2509 ut
549 2435 617 2533 ipse
639 2438 719 2511 huic
736 2438 877 2510 editioni
899 2439 1109 2536 praesaretur,
1134 2442 1230 2515 haud

254 2558 361 2631 dubie
377 2556 624 2630 accuratiorem
644 2554 716 2653 ejus
732 2556 871 2629 Codicis
888 2556 1151 2655 descriptionem
1168 2563 1231 2637 ha·

255 2678 424 2749 beremus.
458 2676 530 2748 vid.
556 2676 684 2747 dehoc
708 2674 841 2747 Codice
858 2675 962 2748 etiam
990 2680 1230 2755 Monumenta

256 2797 403 2869 Paderb.
434 2822 468 2891 p.
488 2820 544 2891 71.
570 2818 627 2891 72.
677 2796 779 2867 Alter
806 2796 1022 2868 Florentinus
1045 2797 1145 2888 liber,
1173 2800 1233 2875 Pi-

256 2911 533 3009 cbenaejudicio,
558 2939 588 2985 a.
606 2914 648 2984 C.
669 2937 829 2984 cccxcv.
853 2912 994 3011 scriptus
1015 2916 1076 2989 est.
1108 2921 1230 3014 Qem

253 3032 376 3106 erroris
392 3032 545 3127 coarguit
561 3029 726 3126 scriptura
742 3031 834 3121 libri,
861 3057 940 3129 quae
958 3036 1230 3131 Langobardica

254 3151 326 3225 est:
352 3152 445 3223 unde
474 3169 579 3246 patet,
606 3173 688 3221 eum
716 3169 872 3246 tempore
899 3149 1161 3249 Langobardici
1190 3156 1229 3231 in

253 3272 353 3347 ltalia
368 3268 514 3366 imperii,
543 3288 601 3340 aut
626 3268 783 3365 proxime
807 3268 926 3343 secutis
942 3269 1073 3362 seculis,
1100 3273 1230 3369 quibus

253 3392 416 3489 scriptura
432 3387 699 3486 Langobardica
711 3389 824 3461 adhuc
838 3387 1071 3485 usurpabatur,
1089 3391 1231 3467 decimo

253 3511 485 3586 undecimove
502 3508 628 3597 secu10‚
659 3511 758 3602 (narn
777 3507 898 3580 certior
914 3510 1079 3604 temporis
1101 3510 1138 3583 in
1160 3514 1231 3588 hoc

256 3656 380 3725 genere
397 3628 554 3702 delinitio
580 3628 646 3698 elle
663 3652 733 3698 non
758 3626 888 3725 potest)
917 3652 937 3697 e
959 3649 1074 3701 vetere
1095 3631 1230 3707 Codice

253 3748 462 3843 descriptum
492 3748 568 3818 esse.
624 3746 719 3817 Nam
749 3746 846 3841 quod
874 3744 1158 3843 subscriptionem
1185 3748 1226 3825 in

255 3865 350 3936 calce
378 3868 467 3938 hanc
486 3866 614 3937 habet:
650 3863 716 3959 Ego
732 3865 889 3958 Sallustius
911 3868 973 3960 legi
1005 3869 1044 3940 ss?
1066 3871 1231 3942 mandavi

254 3983 360 4055 Romae
369 3983 479 4076 felix,
507 3982 626 4054 Olibrio
649 3981 690 4054 ὅ
712 3982 844 4055 Probino
865 3982 937 4079 Coff.
955 3988 989 4058 in
1003 3990 1078 4082 soro
1099 3986 1228 4061 Martis
