2986 5138
317 547 386 623 226
547 543 1123 618 C.Cortnra11Tncrr1

320 723 349 763 “
367 742 437 812 quo
451 716 621 788 Catonern
636 719 721 789 caelo
743 717 906 814 aequavit,
930 717 1017 813 quid
1034 717 1128 789 aliud
1142 717 1294 791 dictator

321 842 350 879 ‘⁶
366 834 488 925 Caesar,
507 838 613 932 quam
632 834 787 932 rescripta
803 837 972 926 oratione,
998 837 1093 909 velut
1111 837 1205 932 apud
1227 833 1290 933 ju-

321 960 348 998 “
367 954 460 1026 dices
478 954 674 1051 respondit?
701 954 846 1028 Antonii
862 955 1026 1053 epistolae,
1040 955 1132 1028 Bruti
1145 954 1289 1029 concio-

320 1081 349 1118 “
368 1100 440 1163 nes,
459 1072 539 1147 salsa
551 1075 692 1170 quidem
706 1074 740 1145 in
758 1074 959 1171 Augustum
972 1077 1112 1171 probra,
1125 1073 1181 1146 sed
1194 1075 1289 1146 mul·

322 1202 349 1239 “
369 1197 403 1266 ta
419 1220 499 1266 cum
517 1194 698 1266 acerbitate
716 1195 868 1264 habent:
906 1193 1058 1268 cannina
1074 1193 1228 1267 Bibaculi
1251 1197 1289 1266 δι

322 1322 351 1359 “
369 1313 509 1401 Catulli,
536 1311 656 1384 referta
672 1310 889 1384 contumeliis
915 1311 1086 1386 Caesamm
1112 1315 1287 1410 leguntur,

322 1440 350 1482 “
368 1434 434 1506 Sed
451 1431 518 1530 ipse
533 1433 635 1506 divus
651 1431 777 1526 Julius,
811 1432 880 1527 ipse
908 1432 1009 1506 divus
1027 1431 1218 1530 AugustuS,
1253 1436 1290 1507 δε

324 1558 352 1599 “
369 1554 476 1625 tulere
499 1550 574 1639 ista,
601 1556 634 1623 &
661 1550 850 1648 reliqtiere3
880 1552 974 1624 haud
1000 1549 1097 1625 facile
1122 1549 1288 1640 dixerim,

323 1678 351 1715 “
368 1669 602 1743 moderatione
620 1669 743 1767 magis,
761 1695 805 1742 an
822 1669 1008 1767 sapientis:
1028 1696 1178 1768 namque
1194 1669 1288 1766 spre-

322 1796 350 1840 “
367 1810 402 1861 ta
418 1787 614 1863 exolescunt
631 1817 639 1861 :
671 1791 693 1861 sr
711 1787 864 1877 irascare,
889 1789 1031 1887 adgnita
1048 1789 1244 1863 videntur.”

371 1911 527 1982 XXXV.
554 1915 581 1950 “
600 1909 684 1980 Non
699 1911 832 2006 attingo
848 1909 1003 1997 Graecos,
1034 1935 1185 2005 quorum
1214 1934 1288 1982 non

322 2035 351 2072 ‘⁸
368 2027 476 2101 modd
509 2027 660 2116 libertas,
692 2026 795 2099 etiam
827 2026 936 2099 libido
968 2025 1159 2123 impunita:
1183 2033 1290 2106 autsi

324 2156 351 2196 “
371 2148 447 2245 quis
476 2145 636 2234 advertit,
666 2144 765 2217 dictis
780 2144 873 2217 dieta
888 2148 979 2218 ultus
995 2147 1054 2218 est.
1103 2148 1169 2220 Sed
1186 2173 1288 2220 max„

324 2274 352 2311 “
371 2267 440 2339 ime
465 2266 630 2353 solutum,
652 2267 685 2335 δι
704 2267 772 2336 sine
788 2266 1016 2340 obtrectatore
1044 2263 1122 2358 fuit,
1145 2268 1291 2363 prodere

324 2392 352 2429 “
369 2387 414 2457 de
427 2384 468 2456 iis
484 2409 570 2480 quos
583 2408 675 2456 mors
687 2382 769 2455 odio
782 2402 839 2455 aut
852 2384 969 2481 gratiae
984 2386 1171 2459 exemisset.
1188 2389 1289 2464 Num

324 2513 353 2549 “
370 2529 453 2577 curn
482 2501 620 2574 armatis
645 2503 812 2575 Cassio&
842 2506 958 2593 Brut0,
994 2530 1033 2577 ac
1055 2504 1289 2602 Philippenses

326 2631 354 2667 “
373 2647 517 2717 campos
534 2619 784 2710 obtinentibus,
819 2622 899 2694 belli
931 2622 1041 2696 civilis
1056 2627 1157 2697 causa
1173 2649 1287 2721 popu-

326 2751 352 2787 “
373 2743 445 2814 lum
474 2765 537 2837 per
562 2739 746 2813 conciones
772 2740 950 2816 incendo?
986 2747 1044 2815 An
1069 2742 1118 2815 illi
1144 2743 1289 2840 quidem

325 2869 353 2904 “
372 2861 619 2956 sexagesimum
636 2879 714 2931 ante
732 2885 861 2932 annum
879 2862 1061 2958 perempti,
1092 2865 1289 2960 quomodo

324 2990 350 3024 “
372 2978 579 3076 imaginibus
597 2976 659 3050 suis
677 2977 874 3069 noscuntur,
901 3006 985 3076 quas
1014 3007 1057 3053 ne
1082 2982 1192 3054 victor
1208 2985 1286 3078 qui·

325 3106 352 3142 “
371 3102 452 3170 dem
470 3097 634 3187 abolevit,
654 3102 696 3170 src
716 3118 848 3194 partem
865 3098 1041 3171 memoriae
1061 3102 1155 3196 apud
1184 3100 1287 3199 scrip-

326 3226 459 3290 “tores
484 3217 658 3291 retinent?
690 3219 797 3290 Suum
825 3217 950 3316 cuique
977 3221 1082 3291 decus
1115 3221 1288 3317 posteritas

325 3347 351 3382 “
372 3336 551 3434 rependit:
579 3362 641 3408 nec
658 3338 817 3424 deentnt,
842 3337 1053 3409 srdamnatio
1070 3337 1211 3434 ingruit,
1229 3340 1289 3436 qui

324 3466 350 3503 “
370 3484 441 3530 non
458 3454 565 3528 modb
581 3454 679 3526 Cassii
704 3459 736 3526 dc
758 3454 865 3543 Bruti,
887 3455 1058 3530 sedetiam
1076 3459 1145 3529 mei
1164 3460 1286 3530 memi-

325 3587 353 3620 “
372 3576 519 3649 nerint.''
570 3576 729 3671 Egressits
747 3576 825 3646 dein
843 3573 971 3664 senatu,
991 3576 1098 3647 vitam
1116 3577 1287 3650 abstinen-

323 3697 370 3770 tia
395 3694 505 3767 finivit
522 3721 530 3763 ε
561 3692 666 3763 libros
698 3719 759 3789 per
775 3693 890 3765 aediles
908 3697 1109 3766 cremandos
1128 3697 1289 3779 censuere

323 3836 448 3913 patres,
473 3812 529 3882 sed
553 3810 748 3882 manserunt
774 3814 949 3903 occultati,
977 3818 1009 3887 ἃ
1050 3815 1143 3887 editi.
1204 3815 1287 3913 Qtd

321 3932 430 4030 magis
447 3930 635 4007 socordiam
663 3956 786 4017 eorum
808 3931 957 4006 inridere
980 3932 1078 4023 libet,
1109 3933 1170 4030 qui
1196 3961 1285 4035 prae,
