2986 5138
490 561 797 634 Arruntium
831 563 997 637 Ltul.
1184 591 1230 668 37

261 729 431 827 “quibus
459 748 532 804 tam
560 731 709 829 projesta
734 733 867 808 senatus
894 737 1099 810 auslontast
1126 739 1230 814 hosti-

258 856 361 922 “um
379 875 518 947 quoque
537 849 610 947 jus,
638 857 672 924 δι
689 851 780 925 sacra
801 855 994 951 legationis,
1025 859 1058 928 δι
1075 854 1124 929 fas
1142 884 1227 956 gen·

258 969 389 1041 “tium
407 969 551 1065 rupistis.
601 970 714 1043 Divus
731 971 844 1065 Julius
868 971 1071 1047 seditionem
1095 978 1226 1051 exerci-

258 1093 287 1130 “
301 1086 362 1160 tirs'
385 1091 493 1160 verbo
520 1114 591 1161 uno
619 1088 844 1185 compescuit,
875 1092 1023 1190 Quirites
1050 1097 1224 1186 vocando,

258 1214 286 1249 “
301 1206 361 1303 qui
378 1206 624 1280 sacramentum
641 1206 711 1304 ejus
727 1211 971 1283 detreslabant.
1020 1209 1133 1283 Divus
1150 1217 1226 1286 Au·

257 1333 286 1368 “
300 1326 429 1423 gustus,
459 1328 559 1399 vultu
586 1331 620 1401 &
646 1325 781 1424 aspestu
802 1327 960 1402 Asliacas
986 1327 1140 1425 legiones
1165 1355 1227 1403 ex-

257 1450 285 1488 “
299 1445 437 1518 tenuit:
469 1472 546 1535 nos,
583 1467 621 1519 ut
650 1447 807 1518 nondum
832 1445 984 1538 eosdem,
1009 1446 1057 1519 ita
1085 1472 1130 1520 ex
1158 1449 1226 1523 illis

258 1568 287 1604 “
300 1583 407 1652 ortos,
436 1568 458 1636 fi
480 1565 657 1662 Hispania
684 1565 832 1660 Syriaeve
856 1565 955 1639 miles
983 1564 1225 1663 aspernaretur,

257 1687 414 1755 “tamen
439 1683 565 1759 mirum
593 1690 626 1757 &
653 1683 839 1781 indignum
864 1705 956 1758 erat:
989 1684 1158 1782 primane,
1190 1693 1225 1762 ὅτ

256 1806 286 1842 “
300 1800 461 1874 vicefima
478 1803 646 1899 legiones,
677 1803 736 1876 illa
753 1804 853 1902 signis
866 1830 886 1876 a
900 1803 1045 1877 Tiberio
1061 1807 1226 1904 acceptis,

255 1925 335 1992 “tu
352 1938 404 1993 tot
421 1921 621 2018 proeliorum
638 1921 741 2011 socia,
760 1942 812 1995 tot
829 1923 979 2020 praemiis
996 1924 1110 2014 auses,
1128 1951 1225 2024 egre·
1273 1933 1275 1936 ’

255 2037 391 2135 “giam
417 2040 499 2113 duci
526 2041 637 2114 vestro
665 2040 810 2140 gratiam
842 2041 1001 2114 refertis?
1035 2043 1130 2116 hunc
1158 2069 1226 2141 ego

255 2162 284 2200 “
296 2157 459 2231 nuntium
492 2160 593 2256 patri,
628 2161 705 2234 laeta
732 2161 850 2234 omnia
876 2160 951 2234 aliis
984 2185 1004 2233 e
1038 2161 1225 2256 provinciis

255 2282 284 2318 “
297 2277 464 2368 audienti,
492 2276 628 2352 feram?
663 2280 764 2377 ipsius
790 2280 932 2369 tirones,
963 2280 1066 2376 ipsius
1095 2299 1225 2353 vetera-

255 2402 284 2440 “
297 2423 374 2488 nos,
404 2424 475 2472 non
503 2398 671 2491 missione,
705 2425 776 2472 non
803 2399 948 2496 pectinis
972 2398 1130 2472 satiatos:
1166 2399 1225 2474 hle

255 2521 284 2557 “
297 2518 431 2591 tantum
455 2518 602 2592 interfici
619 2518 846 2607 centuriones,
875 2517 950 2616 ejici
967 2517 1137 2608 tribunos,
1171 2517 1224 2590 in·

255 2637 391 2709 “cludi
408 2640 561 2733 legatos:
592 2636 717 2711 infesla
733 2637 896 2735 sanguine
913 2637 1029 2725 castra,
1058 2636 1221 2711 flumina:

256 2761 424 2853 “meque
456 2755 642 2852 precariam
673 2757 825 2830 animam
859 2758 946 2829 inter
977 2754 1124 2829 infensos
1157 2776 1223 2829 tra-

257 2881 286 2916 “
300 2877 430 2950 here?''

300 2993 436 3069 XLIII.
464 3003 492 3038 “
505 2997 590 3071 Con
616 3021 720 3069 auru
745 2996 857 3093 primo
871 2996 1045 3071 concionis
1069 2994 1140 3082 die,
1159 2992 1223 3067 fer-

255 3118 284 3155 “
297 3139 374 3187 rum
399 3115 484 3188 illud
504 3117 599 3213 quod
622 3115 750 3212 peelori
772 3140 852 3188 meo
876 3116 1020 3214 infigere
1044 3116 1221 3211 parabam,

255 3234 551 3308 “detraxistile
567 3234 752 3331 improvidi
769 3233 885 3308 amici!
915 3236 1037 3307 melius
1051 3240 1085 3308 &
1102 3260 1220 3307 aman-

256 3358 284 3394 “
298 3351 365 3425 tius
378 3353 449 3443 ille,
464 3353 523 3451 qui
535 3353 692 3451 gladium
709 3354 886 3426 offerebat:
906 3354 1101 3427 cecidissem
1112 3351 1218 3442 certe,

255 3473 454 3545 “nondum
470 3492 522 3545 tot
539 3472 750 3569 flagitiorum
767 3472 932 3545 exercitui
948 3499 1028 3546 meo
1045 3469 1218 3544 conscius:

255 3590 461 3688 “legissetis
493 3595 634 3682 ducem,
669 3592 729 3689 qui
762 3618 876 3666 meam
903 3590 1047 3687 quidem
1074 3609 1222 3663 mortem

253 3708 505 3811 “impunitam
526 3715 658 3799 smeret,
689 3711 769 3783 Vari
791 3731 908 3784 tamen
930 3714 963 3782 &
985 3709 1089 3781 trium
1112 3707 1221 3804 legio-

254 3833 381 3902 “num
407 3828 631 3903 ulcisceretur.
680 3813 809 3927 Neque
837 3828 930 3902 enim
957 3827 1007 3900 dii
1036 3831 1156 3915 sinant,
1182 3844 1221 3897 ut

254 3953 283 3989 “
297 3950 493 4047 Belgarum,
524 3973 736 4118 quamqugm
753 3947 986 4038 offerentium,
1012 3947 1117 4020 decus
1134 3943 1222 4020 istud

743 4070 763 4141 3
