2986 5138
390 594 739 709 “Anniiiun
780 590 894 703 Lrn.
919 593 948 664 1.
1145 618 1190 690 29

214 766 351 864 giones,
375 761 598 852 Percennius,
636 788 698 835 nec
729 763 824 858 apud
856 761 1006 858 trepidas
1040 762 1192 838 militum

215 908 315 960 aures
338 880 422 954 alios
439 880 621 953 validiores
644 881 816 954 exercitus
841 879 1104 977 respicientium,
1133 882 1191 957 sed

213 1004 326 1075 multa
337 998 507 1073 seditionis
524 1026 586 1073 ora
600 998 789 1096 vocesque:
812 1007 838 1042 “
850 996 908 1071 sua
924 998 959 1070 in
972 1026 1077 1072 manu
1096 1005 1192 1076 sitam

216 1127 333 1194 “rem
359 1123 573 1206 Romanam,
596 1117 662 1190 suis
685 1117 836 1189 visionis
857 1118 979 1214 augeri
1000 1121 1212 1214 rempubli-¹

215 1245 245 1282 “
260 1265 354 1328 cam,
383 1238 418 1310 in
443 1235 543 1311 suum
567 1257 842 1337 cognomentum
876 1234 1013 1310 adscisci
1045 1237 1192 1334 impera-

216 1364 245 1402 “
262 1358 391 1430 tores.''

263 1476 418 1548 XXXII.
442 1477 531 1550 Nnc
557 1501 734 1550 incarus
761 1476 902 1549 obviam
931 1475 1027 1549 ibat:
1061 1477 1193 1574 quippe

216 1594 369 1692 plurium
387 1596 550 1669 vecordia
562 1594 787 1668 constantiam
805 1617 992 1669 exemerat.
1030 1597 1191 1693 Repente

213 1715 401 1810 lymphari,
427 1715 595 1788 destrislis
618 1714 753 1812 gladiis,
791 1714 827 1788 in
853 1716 1070 1790 centuriones
1093 1715 1191 1790 inva-

210 1835 325 1906 dunt:
350 1858 391 1905 ea
416 1833 638 1907 vetustissima
665 1833 869 1907 militaribus
900 1833 990 1907 odiis
1020 1834 1191 1926 materies,

214 1956 249 2025 δι
284 1949 446 2024 saeviendi
485 1952 720 2049 principium:
771 1953 958 2052 prostratos
991 1952 1194 2026 verberibus

214 2073 383 2162 mulcant,
415 2071 575 2171 sexageni
600 2074 764 2170 singulos,
797 2093 836 2145 ut
863 2098 1049 2145 numemm
1072 2091 1193 2143 centu-

207 2190 356 2263 rionum
374 2192 607 2288 adaquarent.
656 2193 754 2264 Tum
771 2191 955 2265 convulsos
966 2189 1193 2288 laniatosque,

174 2359 179 2368 -
211 2314 249 2383 ἃ
276 2309 402 2407 partim
426 2310 620 2400 exanimos,
643 2331 722 2384 ante
746 2313 892 2402 vallum,
915 2331 974 2384 aut
994 2311 1031 2385 in
1051 2335 1193 2384 amnem

215 2430 384 2503 Rhenum
421 2427 617 2527 projiciunt.
666 2430 853 2526 Septimius
882 2431 965 2504 clim
990 2428 1193 2528 perfugisset

211 2549 259 2621 ad
275 2548 439 2638 tribunal,
467 2547 682 2646 pedibusque
702 2549 853 2623 Caecinae
867 2550 1125 2639 advolveretur,
1148 2548 1193 2621 eb

214 2663 322 2763 usque
344 2667 517 2764 flagitatus
540 2667 602 2759 est,
629 2669 742 2741 donec
765 2670 809 2741 ad
829 2667 978 2741 exitium
996 2669 1192 2741 dederetur.

213 2786 344 2859 Cassius
364 2787 522 2876 Chaerea,
550 2812 637 2863 mox
648 2786 742 2860 caede
765 2788 806 2858 C.
822 2785 964 2860 Caesaris
984 2785 1192 2860 memoriam

113 2888 115 2892 ¹
214 2907 309 3001 apud
332 2904 487 3002 posteros
511 2906 671 3001 adeptus,
701 2925 778 2978 tum
800 2905 1006 2995 adolescens,
1031 2910 1064 2978 δι
1087 2904 1194 2978 anirni

214 3021 330 3114 ferox,
355 3023 443 3097 inter
458 3023 632 3097 obstantes
658 3029 856 3098 &armatos
877 3022 970 3098 ferro
983 3024 1079 3097 viam
1096 3046 1192 3123 pate-

214 3137 308 3215 fecit.
363 3145 448 3217 Non
470 3143 630 3216 tribunus
654 3143 757 3232 ultra,
784 3169 857 3216 non
881 3144 1072 3218 castrorum
1104 3170 1192 3242 pra-

215 3256 325 3335 ses'tus
340 3260 396 3360 jus
420 3261 590 3336 obtinuit:
618 3261 766 3361 vigilias,
801 3263 973 3353 stationes,
1005 3268 1089 3336 &si
1125 3289 1196 3359 qua

213 3379 281 3452 alia
295 3377 440 3476 praesens
457 3380 536 3455 usus
557 3381 741 3471 indixerat,
767 3380 828 3477 ipsi
858 3381 1102 3477 partiebantur.
1152 3381 1194 3455 Id

217 3497 379 3574 militares
401 3501 537 3575 animos
559 3501 660 3575 altilis
683 3498 955 3598 conjeslantibus
977 3499 1194 3596 praecipuum

216 3615 387 3692 indicium
413 3619 534 3718 magni
557 3640 662 3718 atque
685 3617 914 3716 implacabilis
939 3619 1070 3708 morsis,
1097 3618 1194 3714 qubd

215 3760 329 3833 neque
340 3735 485 3835 disjodli,
518 3740 574 3811 vel
589 3764 781 3834 paucorum
798 3736 971 3827 instindtu,
997 3731 1054 3808 sed
1071 3735 1196 3833 pariter

214 3854 442 3945 ardescerent,
474 3856 598 3954 pariter
627 3859 785 3929 silerent:
822 3859 915 3932 tantal
938 3855 1194 3954 aequalitate&

214 3973 419 4067 constantia,
440 3996 480 4048 ut
497 3975 571 4076 regi
593 3977 758 4079 crederes.
