2986 5138
432 552 740 626 Auunuruu
772 546 891 624 Lrs.
924 548 952 625 I.
1136 574 1173 627 11

211 725 481 826 pulcherrimum
508 725 638 799 facinus
662 725 855 799 videretur:
903 733 930 768 “
947 714 1038 799 nunc
1062 725 1176 801 senem

213 856 240 891 “
258 845 468 942 Principem,
495 847 599 943 longal
616 845 778 942 potentia,
797 843 935 943 provisis
957 845 1057 918 etiam
1080 849 1174 920 here-

214 969 345 1040 “dum
373 965 409 1036 in
437 965 687 1061 rempublicam
720 964 857 1061 opibus,
891 964 1019 1036 auxilio
1051 966 1178 1040 scilicet

213 1093 241 1128 “
258 1085 396 1158 militari
410 1084 591 1172 tuendum,
604 1104 641 1155 ut
657 1081 826 1178 sepultura
842 1081 911 1179 ejus
928 1083 1043 1179 quieta
1052 1085 1176 1159 foret.'’

258 1207 322 1278 IX.
351 1207 521 1277 Murrus
539 1202 621 1275 hinc
637 1201 709 1299 ipso
726 1205 770 1274 de
787 1202 947 1299 Augusto
960 1200 1083 1294 sermo,
1103 1207 1177 1302 ple-

208 1324 319 1421 risque
344 1347 433 1396 vana
460 1322 685 1395 mirantibus:
724 1329 752 1364 “
771 1322 866 1419 qubd
895 1321 988 1394 idem
1020 1324 1092 1396 dies
1120 1350 1176 1398 ac·

212 1452 241 1487 “
259 1443 349 1539 cepti
367 1444 544 1540 quondam
555 1442 689 1538 imperii
706 1443 876 1539 princeps,
905 1445 938 1512 &
960 1441 1040 1514 vitae
1063 1442 1177 1540 supre-

216 1571 244 1606 “
262 1589 361 1648 mus;
396 1562 493 1659 qubd
510 1565 612 1635 Nolae
628 1563 665 1634 in
681 1564 787 1635 domo
804 1566 837 1633 ὃς
855 1560 1029 1650 cubiculo,
1057 1562 1093 1634 in
1106 1590 1178 1660 quo

214 1689 244 1725 “
261 1703 356 1778 pater
371 1681 440 1779 ejus
456 1682 634 1770 Octavius,
661 1681 767 1754 vitam
784 1680 953 1752 finiviffet.
1002 1682 1176 1756 Numerus

213 1809 241 1843 “
258 1800 359 1874 etiam
386 1799 622 1874 consulatuum
639 1802 881 1889 celebrabatur,
906 1826 976 1896 quo
1001 1801 1176 1876 Valerium

213 1923 412 1994 “Corvum
435 1925 469 1993 δι
487 1922 529 1993 C.
541 1920 695 1993 Marium
717 1921 816 1992 simul
837 1938 1047 2015 aequaverat3
1066 1920 1176 1993 conti-

212 2047 240 2083 “
259 2059 360 2113 nuata
376 2065 437 2137 per
451 2038 581 2136 septem
596 2038 781 2136 &triginta
796 2064 901 2112 annos
916 2037 1096 2111 tribunicia
1112 2064 1175 2137 po-

213 2168 241 2213 ·“
258 2161 378 2246 testas3
414 2186 542 2233 nomen
575 2157 785 2255 imperatoris
813 2156 915 2229 semel
943 2177 1046 2253 atque
1071 2159 1176 2234 vicies

213 2287 242 2322 “
261 2300 420 2376 partum3
453 2278 588 2374 aliaque
618 2280 787 2350 honomm
831 2275 1071 2373 multiplicata,
1115 2301 1175 2353 aut

213 2407 241 2440 “
260 2401 384 2471 nova.”
434 2404 485 2471 At
506 2399 599 2493 apud
612 2397 793 2493 prudentes
810 2394 882 2468 vita
904 2393 973 2492 ejus
997 2397 1088 2469 varie
1111 2423 1173 2472 ex-

210 2520 404 2607 tollebatur,
429 2519 685 2615 arguebaturve.
735 2514 788 2588 Hi
819 2513 985 2611 “pietate
1007 2541 1086 2614 erga
1114 2544 1173 2615 pa·

211 2644 238 2680 “
256 2658 399 2726 rentem,
423 2641 456 2709 &
469 2635 709 2709 necessitudine
724 2633 933 2730 reipublicae,
955 2634 991 2706 in
1008 2640 1076 2731 qul
1096 2639 1173 2709 nul-

211 2765 238 2799 “
257 2758 308 2829 lus
326 2777 407 2829 tunc
434 2755 567 2853 legibus
591 2756 699 2843 locus,
727 2755 771 2826 ad
792 2779 885 2826 arma
907 2752 1021 2826 civilia
1042 2757 1172 2846 actum,

212 2884 240 2919 ‘⁴
258 2902 334 2973 quae
352 2900 464 2972 neque
482 2874 588 2970 parari
605 2877 750 2970 pollent,
774 2898 885 2969 neque
902 2873 1017 2945 haberi
1034 2900 1095 2970 per
1111 2878 1173 2948 bo-

212 3003 241 3038 “
259 3020 318 3067 nas
350 3015 456 3066 artes:
492 2995 600 3066 multa
624 2993 795 3082 Antonio,
829 2994 915 3065 dum
947 2990 1174 3069 interfectores

210 3113 359 3210 “patris
387 3111 614 3202 ulcisceretur,
643 3114 753 3185 multa
777 3112 916 3209 Lepido
953 3116 1172 3200 conceffiffe3

209 3240 237 3275 “
256 3234 435 3329 postquam
452 3232 509 3305 hic
526 3231 676 3305 socordia
691 3232 848 3321 senuerit,
864 3232 921 3305 ille
938 3258 997 3327 per
1009 3231 1171 3305 libidines

210 3359 238 3394 “
257 3354 389 3447 peffum
405 3352 503 3459 clatus
519 3354 571 3440 fit,
596 3376 666 3423 non
692 3351 785 3424 aliud
810 3349 1031 3423 discordantis
1056 3351 1172 3445 patriae

210 3469 446 3543 “remedium
471 3467 584 3560 fuiffe,
618 3471 724 3568 quim
752 3490 790 3543 ut
818 3473 863 3543 ab
895 3496 966 3542 uno
993 3488 1173 3565 regeretur.

209 3591 341 3662 “Non
367 3614 475 3687 regno
491 3609 620 3680 tamen,
649 3615 762 3687 neque
788 3588 968 3677 diblatural,
994 3584 1051 3659 sed
1072 3587 1170 3660 Prin-

208 3708 340 3805 “cipis
372 3706 512 3781 nomine
541 3708 755 3782 constitutam
780 3706 1052 3803 rempublicam:
1087 3707 1173 3778 mari

208 3835 237 3870 “
254 3830 407 3916 Ocean0,
427 3847 482 3899 aut
498 3827 656 3901 amnibus
685 3826 883 3925 longinquis
907 3824 1041 3921 septum
1062 3823 1171 3921 impe-

206 3954 234 4002 4‘
252 3946 365 4022 rium:
395 3947 565 4046 regiones,
580 3947 786 4045 provincias,
817 3949 948 4037 claffes,
977 3947 1100 4021 cuncta
1120 3945 1172 4019 in-
