2986 5138
288 586 293 599 ⁸
352 621 422 693 250
569 596 1144 669 CConrtattrTncrrt

349 769 443 864 apud
469 766 621 840 senatum
650 771 695 841 ab
721 768 932 859 inlustribus,
967 769 1129 867 famique
1144 767 1246 863 apud
1266 794 1337 864 po·

349 889 487 983 pulum,
504 887 584 983 quia
602 890 668 958 stne
686 887 887 976 ambitione,
906 908 964 961 aut
982 888 1226 985 proximorum
1247 913 1335 986 pre·

347 1007 461 1095 cibus,
491 1006 628 1103 ignotos
645 1006 762 1096 etiam,
783 1012 815 1079 δι
837 1010 927 1080 ultro
943 1008 1084 1096 accitos,
1108 1007 1334 1082 munificen-

347 1126 393 1198 ria
402 1125 550 1222 juverat.
565 1127 754 1198 Adduntur
769 1125 953 1215 sententiae,
972 1148 1009 1199 ut
1023 1152 1123 1198 mons
1135 1127 1271 1200 Caelius
1289 1128 1332 1201 in

348 1245 522 1342 posterum
551 1246 704 1343 Augustus
729 1247 983 1341 appellaretur:
1015 1245 1156 1341 quando
1184 1248 1334 1322 cunetis

346 1364 478 1437 circlrm
509 1364 745 1460 flagrantibus,
776 1363 845 1437 sola
871 1365 1003 1437 Tiberii
1037 1363 1166 1461 effigies
1195 1369 1262 1439 sita
1286 1366 1330 1440 in

345 1484 454 1555 domo
478 1483 571 1577 Junii
595 1480 754 1554 senatoris
772 1483 935 1555 inviolata
952 1485 1128 1556 mansisset.
1180 1492 1209 1526 ‘⁶
1225 1488 1329 1559 Eve-

346 1608 375 1644 “
393 1602 475 1674 nisse
508 1602 543 1674 id
576 1601 660 1673 olim
677 1601 830 1674 Claudiae
850 1602 1028 1698 Qinslae,
1053 1600 1191 1700 ejusque
1208 1602 1328 1678 statu-

345 1728 372 1764 “
390 1748 447 1793 am
477 1721 549 1793 vim
578 1720 713 1817 ignium
731 1721 785 1792 bis
801 1720 962 1817 elapsam,
996 1719 1140 1819 majores
1156 1724 1253 1818 apud
1271 1750 1326 1797 ae·

345 1843 474 1913 “dem
500 1839 626 1914 Matris
654 1841 762 1912 dedm
791 1840 1056 1914 consecravisse:
1093 1841 1227 1914 sandos
1258 1869 1326 1916 ac-

343 1968 371 2005 “
390 1959 574 2058 ceptosque
602 1960 802 2033 numinibus
833 1961 1021 2033 Claudios:
1052 1965 1085 2033 ἃ
1115 1963 1325 2058 augendam

343 2088 371 2123 “
389 2079 623 2153 caerimoniam
641 2081 731 2167 loc0,
762 2079 797 2151 in
821 2107 891 2177 quo
909 2100 1044 2153 tantum
1061 2080 1098 2153 in
1114 2080 1325 2178 Principem

342 2206 371 2242 “
390 2201 558 2271 honorem
584 2198 632 2269 dii
657 2199 903 2272 ostenderint.''

387 2319 505 2391 LXV.
543 2320 670 2390 Hnuo
701 2316 802 2390 suerit
830 2318 1015 2393 absurdum
1043 2321 1189 2410 tradere,
1208 2345 1321 2393 mon·

339 2459 412 2509 tem
442 2463 523 2509 eum
550 2436 738 2532 antiquitus
765 2438 1049 2535 Qerquetulanum
1075 2461 1323 2536 cognomento

339 2555 451 2645 fuisse,
503 2555 599 2651 quod
634 2555 711 2627 talis
744 2557 834 2627 filvae
863 2554 1037 2653 frequens,
1075 2556 1321 2655 fecundusque

339 2695 409 2746 erat
427 2702 434 2744 :
463 2699 549 2745 mox
570 2674 696 2744 Caelium
714 2675 951 2771 appellitatum
980 2703 1000 2748 a
1027 2678 1120 2750 Cale
1136 2677 1317 2769 Vibenna,

340 2795 397 2890 qui
415 2794 488 2864 dux
507 2794 618 2890 gentis
646 2794 812 2883 Etrusca,
838 2796 920 2868 ciam
947 2797 1115 2869 auxilium
1144 2798 1187 2868 ad
1217 2799 1316 2873 bella

337 2915 553 3002 dusiaviss'et,
584 2913 698 2985 sedem
737 2940 813 2986 eam
842 2937 1020 3010 acceperat
1056 2943 1075 2987 a
1116 2917 1315 3012 Tarquinio

337 3032 464 3120 Prisc0,
488 3031 543 3105 seu
567 3034 643 3129 quis
667 3033 751 3106 alius
771 3060 894 3130 regum
918 3034 1035 3106 dedit:
1066 3061 1147 3107 nam
1163 3032 1314 3130 scripto-

337 3181 388 3226 res
418 3154 451 3223 in
470 3179 510 3223 eo
528 3153 748 3225 dissentiunt:
785 3176 895 3225 cetera
923 3180 996 3225 non
1025 3154 1191 3250 ambigua
1214 3153 1312 3247 sunt,

335 3299 478 3371 magnas
509 3299 563 3344 eas
589 3272 703 3368 copias
736 3298 796 3367 per
824 3274 924 3367 plana
951 3273 1053 3345 etiam
1075 3299 1114 3346 ac
1134 3273 1207 3345 soro
1226 3301 1312 3370 pro-

334 3394 465 3490 pinqua
482 3392 696 3480 habitavisse,
712 3392 805 3463 unde
823 3391 950 3482 Ttrscum
965 3395 1067 3462 victam
1091 3419 1111 3464 e
1127 3397 1310 3470 vocabulo

335 3515 548 3584 advenarum
574 3511 718 3581 dic‘lum.

391 3633 524 3704 LXVI.
566 3633 639 3702 Suu
668 3650 704 3700 ut
734 3629 844 3700 studia
873 3655 1071 3724 procerum,
1108 3631 1310 3729 &largitio

333 3750 513 3849 principis,
548 3748 732 3820 adversirm
766 3746 882 3819 casum
930 3748 1088 3822 solatium
1126 3752 1307 3840 tulerant:

332 3872 379 3943 ita
402 3869 633 3943 accusatorum
660 3867 769 3963 major
795 3866 829 3938 in
854 3868 926 3939 dies
945 3872 976 3938 ὅ(
994 3867 1145 3941 infestior
1163 3869 1215 3941 vis
1233 3874 1309 3949 fine

333 3991 529 4063 levamento
570 3989 802 4087 grassabatur:
858 3986 1133 4089 corripueratque
1167 3991 1309 4073 Varum
