2986 5138
457 569 762 638 Anuairunr
797 566 1032 638 Lrs.lll.-
1144 590 1209 664 143

241 736 353 809 “Nil
375 762 463 833 opus
487 737 727 812 vetustioribus
750 738 944 836 exemplis:
972 736 1130 836 quotiens
1147 765 1209 836 po·

241 864 269 898 “
288 859 388 953 pulus
414 861 594 931 Romanus
620 860 735 931 clades
762 858 993 947 exercituum,
1036 859 1211 932 interitum

242 983 268 1018 “
288 978 435 1067 ducum,
462 976 617 1051 sunditus
646 976 778 1050 amissas
799 977 930 1049 nobiles
956 976 1101 1050 familias
1127 1003 1210 1050 con-

243 1096 416 1168 “stanter
444 1097 587 1170 tulerit?
619 1097 797 1193 Principes
823 1097 995 1185 mortales,
1023 1096 1211 1194 rempubli-

243 1223 272 1257 “
290 1242 368 1288 cam
385 1239 549 1290 aeternam
565 1219 642 1289 esse.
692 1217 796 1288 Proin
815 1235 1003 1313 repeterent
1017 1212 1210 1287 sollemnia:

243 1343 271 1376 “
292 1341 323 1408 δε
346 1336 427 1432 quia
447 1339 607 1409 ludorum
626 1339 856 1435 Megalesibm
878 1334 1112 1432 spectaculum
1135 1334 1212 1409 sub·

244 1463 272 1497 “
291 1477 376 1545 erat,
402 1457 506 1528 etiam
524 1459 719 1553 voluptates
736 1455 979 1530 resumerent.'’

290 1578 369 1648 VII.
387 1579 483 1648 Tum
500 1575 759 1674 exutojuslitiO,
785 1576 934 1648 reditum
947 1576 992 1647 ad
1006 1575 1149 1649 munia:
1178 1579 1213 1649 δι

242 1692 374 1767 Drusus
392 1695 545 1790 Illyricos
561 1698 605 1768 ad
623 1696 791 1768 exercitus
816 1694 987 1791 profestos
1008 1697 1069 1786 est,
1094 1695 1213 1768 eredis

242 1815 402 1888 omnium
413 1815 535 1887 animis
553 1817 708 1911 petendae
724 1843 744 1888 e
760 1815 880 1888 Pisone
897 1815 1060 1888 ultionis:
1088 1820 1121 1888 δι
1139 1841 1213 1888 cre·

243 1937 309 2007 bro
323 1936 459 2032 questu,
488 1943 514 1978 “
534 1935 629 2031 quod
647 1962 755 2033 tagus
773 1935 908 2007 interim
925 1961 986 2033 per
1002 1961 1141 2008 amoena
1161 1940 1213 2007 A·

244 2063 271 2096 “
292 2060 344 2127 srae
359 2076 462 2152 atque
480 2055 638 2144 Achaia,
665 2056 845 2152 adroganti
873 2062 906 2127 δι
935 2053 1078 2129 subdola
1102 2057 1212 2145 mors,

244 2182 272 2217 “
290 2172 455 2248 scelerum
473 2175 694 2272 probationes
712 2174 957 2249 subverteret.''
982 2178 1076 2248 Nam
1092 2176 1214 2273 vulga-

242 2312 318 2367 tum
335 2316 406 2367 erat
432 2304 458 2337 “
479 2294 654 2384 miffam,''
679 2316 718 2367 ut
735 2294 826 2385 dixi,
854 2302 881 2337 “
900 2321 920 2367 a
936 2295 1002 2367 Cn.
1018 2295 1134 2367 Sentio
1161 2296 1213 2369 sa·

245 2420 272 2455 “
291 2413 421 2488 mosam
435 2414 609 2487 veneficiis
626 2415 832 2504 Martinam,
859 2413 964 2488 subitsa
981 2436 1090 2488 morte
1106 2419 1214 2488 Brun·

245 2541 273 2575 “
290 2533 363 2606 difii
381 2534 597 2623 exstinstam‚
625 2560 869 2633 venenumque
882 2536 976 2607 nodo
986 2534 1133 2608 crinium
1143 2533 1215 2632 ejus

247 2660 274 2695 “
293 2655 518 2744 occultatum,
547 2679 609 2728 nec
623 2656 693 2728 ulla
705 2655 740 2727 in
751 2681 895 2752 corpore
909 2659 1002 2753 signa
1013 2653 1140 2752 sumpti
1152 2681 1213 2729 ex-

246 2780 273 2815 “
292 2772 342 2845 itii
361 2776 531 2869 reperta.''

294 2895 389 2964 VIII.
405 2897 463 2964 Ar
477 2896 585 2982 Piso,
613 2893 785 2991 praemiffo
802 2894 837 2966 in
849 2896 988 2968 Urbem
1003 2894 1089 2982 filio,
1114 2893 1215 2967 datis-

246 3037 314 3107 qne
340 3013 522 3101 mandatis,
559 3038 620 3110 per
645 3039 722 3111 quae
748 3013 945 3110 Principem
974 3014 1136 3104 molliret,
1170 3015 1215 3087 ad

247 3129 399 3204 Drusum
429 3132 564 3230 pergit;
599 3159 705 3231 quem
730 3135 823 3207 baud
849 3133 958 3207 sratris
982 3134 1120 3207 interitu
1143 3155 1215 3206 tru-

247 3276 339 3340 cem,
367 3252 474 3348 quam
490 3274 626 3325 remoto
651 3255 777 3327 aemulo
803 3253 990 3351 aequiorem
1017 3253 1077 3327 fibi
1105 3251 1216 3349 spera·

246 3373 318 3444 bat.
367 3371 526 3444 Tiberius
548 3372 619 3469 quo
642 3370 814 3470 integrum
831 3370 1003 3468 judicium
1019 3371 1215 3461 ostentaret,

246 3511 433 3586 exceptum
444 3490 589 3564 comiter
593 3487 776 3587 juvenem,
796 3490 886 3563 suetla
896 3517 978 3588 erga
991 3491 1077 3563 filios
1090 3488 1215 3563 famili-

246 3635 345 3682 arum
361 3610 495 3684 nobiles
511 3611 711 3685 liberalitate
722 3630 837 3705 auget.
863 3607 992 3683 Drusus
1004 3607 1131 3699 Pisoni,
1151 3614 1214 3682 “sr

247 3734 273 3769 “
293 3754 371 3802 vera
383 3727 495 3802 forent
509 3720 804 3829 quaejacerentur,
824 3729 1036 3826 praecipuum
1048 3728 1082 3800 in
1095 3730 1216 3802 dolore

248 3854 275 3890 “
293 3844 543 3923 suumlocum’'
562 3849 758 3946 respondit:
776 3856 802 3891 “
816 3848 871 3922 sed
885 3849 988 3920 malle
1000 3847 1123 3921 salsa&
1142 3847 1214 3920 ina·

249 3974 277 4016 “
296 3968 365 4059 nia,
392 3994 455 4042 nec
466 3969 630 4066 cuiquam
648 3989 797 4044 mortem
820 3966 1019 4044 Germanici
1037 3965 1214 4044 exitiosam
1267 4041 1271 4050 ,
