2986 5138
329 567 395 638 116
505 562 1096 637 C.ConrtasrrTAc1r·1

325 736 472 830 pedibus
484 734 630 825 intectis,
644 740 676 809 δι
691 733 762 831 pari
775 758 855 806 cum
867 733 998 806 Graecis
1009 732 1152 823 anrictu,
1165 735 1206 807 P.
1217 733 1290 809 Sci·

325 853 438 948 pionis
455 852 694 938 aemulatione;
720 876 826 948 quem
843 853 964 924 eadem
979 850 1181 947 saditaviffe
1197 856 1291 952 apud

324 970 485 1060 Siciliam,
501 972 658 1069 quamvis
671 974 837 1069 flagrante
853 970 966 1042 adhuc
978 972 1169 1043 Poenorum
1182 974 1289 1062 bello,

324 1089 533 1185 accepimus.
582 1088 757 1177 Tiberius,
782 1091 877 1162 cultu
899 1087 1089 1185 habituque
1112 1086 1184 1185 ejus
1205 1091 1290 1163 leni-

325 1208 390 1280 bus
423 1208 535 1281 verbis
564 1206 751 1303 perstrictm
785 1205 950 1279 acerrime
978 1207 1160 1303 increpuit,
1194 1208 1291 1304 quod

325 1347 445 1398 contra
479 1325 630 1398 instituta
661 1324 825 1421 Augusti,
868 1350 939 1397 non
971 1323 1090 1421 sponte
1122 1326 1291 1423 Principis

325 1443 577 1518 Alexandriam
595 1442 780 1515 introisset:
811 1468 892 1515 nam
910 1441 1103 1540 Augustus,
1121 1442 1209 1516 inter
1225 1444 1292 1519 alia

324 1562 569 1635 dominationis
582 1587 717 1649 arcana,
736 1560 864 1649 vetitis,
883 1561 941 1633 nisi
958 1560 1134 1656 permissu,
1154 1561 1291 1660 ingredi

324 1680 535 1755 senatoribus
554 1701 612 1754 aut
628 1680 801 1778 equitibus
820 1678 991 1753 Romanis
1007 1679 1216 1770 inlustribus,
1240 1680 1289 1753 se-

325 1797 435 1896 posuit
451 1800 673 1897 AEgyptum:
695 1788 751 1872 'ne
768 1798 858 1870 same
874 1818 1012 1896 urgeret
1028 1800 1175 1889 ltaliam,
1199 1798 1289 1895 quis-

325 1917 403 2015 quis
420 1945 496 1991 eam
513 1917 742 2014 provinciam,
765 1915 979 2012 claustraque
1001 1938 1095 1991 terrae
1114 1944 1154 1990 ac
1170 1917 1288 2006 maris,

325 2037 484 2133 quamvis
501 2036 570 2110 levi
582 2035 738 2133 praesrdio
754 2035 938 2109 adversum
951 2035 1107 2135 ingentes
1122 2036 1289 2110 exercitus

324 2155 503 2229 insedisset.

371 2276 456 2347 LX.
489 2277 563 2346 Suu
595 2277 881 2363 Grnunmcus,
925 2272 1081 2346 nondum
1109 2290 1291 2367 comperto

324 2391 573 2488 professionem
590 2418 666 2464 eam
680 2390 837 2481 incusari,
853 2392 939 2464 Nilo
949 2389 1210 2481 subvehebatur‚
1231 2417 1287 2463 or-

324 2508 380 2580 sus
391 2509 555 2604 oppidoa
572 2511 728 2606 Canopo.
777 2510 974 2583 Condidere
990 2508 1025 2582 id
1040 2509 1209 2605 Spartani,
1244 2514 1292 2584 ob

323 2626 495 2722 sepultum
510 2626 579 2699 illic
596 2630 765 2700 restorem
780 2628 877 2701 navis
894 2629 1095 2725 Canopum3
1123 2633 1191 2726 qula
1202 2650 1290 2702 tem-

325 2744 453 2841 pestate
470 2747 653 2818 Menelaus
670 2746 844 2820 Graeciam
860 2768 1032 2842 repetens,
1058 2745 1229 2820 diversum
1247 2751 1291 2820 ad

324 2890 420 2936 mare
432 2884 625 2961 terramque
637 2865 791 2959 Libyam
801 2863 963 2962 dejeslus.
996 2867 1082 2938 Inde
1093 2867 1293 2962 proximum

325 2983 435 3055 amnis
452 3010 491 3055 os
506 2984 658 3056 dicatum
676 2983 839 3072 Herculi,
866 3009 973 3080 quem
991 2984 1161 3081 indigena
1178 3008 1291 3058 ortum

325 3104 419 3199 apud
435 3102 467 3174 se
486 3108 516 3174 ὅ(
536 3102 806 3198 antiquissimum
827 3102 1034 3199 perhibent;
1064 3101 1202 3199 eosque,
1233 3103 1292 3200 qui

326 3221 443 3317 postea
459 3221 530 3316 pari
547 3221 674 3293 virtute
695 3221 834 3311 suerint,
869 3221 905 3292 in
927 3242 1203 3318 cognomentum
1223 3219 1292 3317 ejus

325 3338 494 3412 adscitos:
534 3367 619 3413 mox
647 3341 722 3413 visit
751 3361 908 3413 veterum
935 3341 1140 3412 Thebarum
1166 3366 1294 3436 magna

326 3458 494 3555 vestigia:
524 3463 556 3531 ἃ
582 3462 766 3532 manebant
788 3459 920 3532 strutus
937 3458 1086 3530 molibus
1103 3456 1209 3529 literae
1225 3459 1291 3529 AE·

327 3577 470 3674 gyptiae,
496 3577 645 3674 priorem
658 3576 869 3673 opulentiam
883 3579 1075 3673 complexae
1089 3605 1097 3647 :
1117 3572 1291 3671 jussusque

325 3694 547 3769 esenioribus
564 3696 775 3770 sacerdotum
801 3695 948 3792 patrium
970 3694 1160 3767 sermonem
1185 3691 1291 3762 inter-

327 3813 466 3909 pretari,
490 3811 655 3887 rescrebat
679 3822 706 3857 “
723 3814 887 3887 habitasse
903 3813 1081 3911 quondam
1096 3807 1291 3905 septingen-

326 3936 356 4022 ξ(
374 3951 409 4006 ta
430 3930 538 4008 millia
557 3952 655 4009 atate
671 3933 830 4010 militari:
857 3951 961 4032 atque
977 3954 1118 4009 cocum
1139 3927 1292 4003 exercitu
