2986 5138
440 600 750 669 Annnmonr
784 600 898 670 Ltu.
931 595 975 670 Il.
1192 623 1236 699 97
1283 655 1289 669 Ι

271 777 300 814 “
319 769 463 868 gionum
496 773 613 870 legati,
637 774 697 870 qui
730 793 809 846 ante
841 795 1022 870 praeturam
1050 778 1089 848 eal
1116 776 1238 851 militia

270 897 298 931 “
316 889 561 987 fungebantur,
584 888 660 988 jam
692 913 768 964 turn
788 913 946 988 praetores
962 893 1233 969 destinarentur:

270 1016 299 1051 “
317 1008 481 1105 Princeps
498 1011 684 1081 duodecim
697 1012 910 1099 candidatos,
944 1011 979 1081 in
996 1037 1103 1083 annos
1121 1017 1233 1112 fingu-

270 1135 298 1169 “
315 1130 365 1199 los
381 1129 610 1200 nominaret.”
660 1131 772 1201 Haud
788 1130 938 1203 dubium
955 1151 1038 1218 erat,
1068 1156 1144 1202 eam
1161 1129 1234 1204 sen·

269 1247 412 1318 tentiam
429 1247 530 1319 altius
549 1269 739 1344 penetrare,
771 1255 803 1321 ὃς
838 1271 960 1322 arcana
993 1250 1128 1345 imperii
1160 1266 1235 1323 ten-

266 1365 329 1436 tari
346 1394 354 1436 :
377 1366 536 1439 Tiberius
554 1388 668 1439 tamen
686 1372 779 1464 quasi
797 1389 982 1465 augeretur
1001 1369 1147 1464 potestas
1165 1369 1235 1466 ejus

267 1484 444 1557 disseruit:
482 1489 642 1558 “Grave
665 1488 893 1560 moderationi
921 1487 987 1559 suae
1012 1505 1061 1559 tot
1094 1489 1235 1586 eligere,

270 1610 296 1645 “
314 1625 366 1676 tot
393 1606 555 1678 differre:
588 1607 647 1678 vix
665 1632 726 1703 per
744 1609 893 1703 singulos
909 1634 1017 1680 annos
1034 1604 1235 1680 offensiones

268 1729 296 1764 “
315 1723 430 1812 vitari,
460 1725 619 1821 quamvis
637 1724 804 1820 repulsam
828 1727 1023 1823 propinqua
1048 1725 1120 1821 spes
1149 1724 1234 1798 sole·

268 1848 295 1883 “
314 1860 392 1913 tur:
419 1863 590 1939 quantum
608 1844 677 1915 odii
696 1843 768 1917 sore
784 1848 828 1918 ab
856 1845 922 1935 his,
952 1845 1012 1943 qui
1028 1847 1116 1918 ultra
1133 1844 1235 1941 quin-

267 1967 295 2002 “
315 1961 505 2057 quennium
539 1961 784 2059 projiciantur!
827 1965 921 2037 unde
950 1961 1098 2059 prospici
1127 1965 1234 2059 posl'e,'

266 2084 295 2122 “
313 2105 391 2175 quae
417 2080 544 2178 cuique
570 2102 641 2153 tarn
671 2084 779 2180 longo
807 2081 970 2179 temporis
996 2081 1103 2177 spatio
1121 2108 1233 2172 niens,

265 2204 293 2239 “
310 2198 452 2288 domus,
469 2198 633 2273 fortuna?
660 2199 830 2297 superbire
858 2202 1016 2273 homines
1044 2202 1148 2273 etiam
1172 2225 1233 2273 an-

265 2325 293 2360 “
311 2323 378 2391 nula
393 2319 651 2417 designatione:
680 2321 767 2418 quid
792 2325 813 2394 si
846 2322 1015 2393 honorem
1040 2330 1111 2415 per'
1130 2320 1233 2417 quin-¹

265 2444 292 2479 “
311 2438 501 2534 quennium
518 2440 673 2537 agitent?
706 2439 971 2537 quinquiplicari
1000 2438 1132 2535 prorsus
1158 2463 1233 2512 nra-

264 2562 292 2598 “
312 2556 480 2653 gistratus,
499 2556 648 2630 subverti
681 2561 787 2656 leges,
813 2586 891 2657 quae
919 2557 976 2632 sua
1006 2557 1113 2653 spatia
1132 2580 1232 2631 exer·

263 2682 291 2717 “
309 2677 427 2747 cendae
452 2677 715 2750 candidatorum
745 2678 932 2768 industriae,
973 2676 1233 2775 quaerendisque

264 2801 292 2837 “
309 2816 368 2867 aut
386 2794 559 2891 potiundis
576 2797 764 2870 honoribus
779 2796 989 2870 statuerint.''

321 2916 512 2987 XXXVII.
553 2918 807 2988 Favonnsur
838 2915 874 2986 in
899 2913 1048 3010 speciem
1076 2917 1233 2991 oratione

260 3033 334 3106 vim
351 3033 485 3130 imperii
509 3034 633 3125 tenuit,
665 3034 849 3133 censusque
872 3036 1104 3132 quorumdam
1136 3032 1230 3107 sena-

260 3174 375 3226 ton1m
394 3151 510 3250 juvit:
542 3154 612 3250 quo
629 3154 742 3251 magis
758 3154 888 3226 mirum
905 3153 984 3242 suit,
1000 3153 1096 3250 quod
1114 3176 1231 3249 preces

258 3273 316 3343 Μ.
342 3272 482 3347 Hortali
505 3273 630 3345 nobilis
648 3272 801 3370 juvenis,
832 3274 867 3345 in
896 3292 1095 3370 paupertate
1119 3272 1229 3345 mani-

258 3389 353 3479 festa,
383 3390 558 3487 superbius
590 3392 782 3489 accepisset.
837 3393 960 3489 Nepos
988 3410 1057 3464 erat
1088 3390 1232 3463 oratoris¹

257 3510 446 3598 Hortensii,
482 3511 625 3583 inleslus
661 3537 681 3583 a
719 3512 804 3583 divo
838 3511 999 3609 Augusto
1028 3509 1229 3603 liberalitate

158 3709 162 3716 ¹
255 3628 369 3700 decies
396 3627 536 3702 sestertii
565 3631 692 3702 ducere
721 3655 882 3718 uxorem,
906 3629 1070 3727 suscipere
1089 3630 1234 3719 liberos‚·

256 3772 300 3819 ne
326 3747 505 3820 clarissima
531 3748 660 3822 familia
672 3750 958 3847 exstingueretur.
1008 3749 1120 3846 Igitur
1141 3776 1227 3846 qua-

257 3887 336 3938 tuor
352 3867 429 3939 filiis
446 3889 524 3940 ante
557 3868 663 3940 limen
688 3870 789 3942 curiae
806 3869 1029 3956 adstantibus,
1058 3869 1137 3940 loco
1153 3869 1227 3941 sen-

257 3984 387 4077 tentiae,
413 3988 495 4061 clun
518 3987 554 4060 in
578 3986 706 4085 palatio
735 3987 868 4062 senatus
892 3991 1085 4077 haberetur,
1120 3987 1229 4060 modo

727 4108 769 4180 H
