2986 5138
259 568 327 634 124
445 542 1033 618 C.Corturt11TAcrr1

256 718 283 754 ‘⁴
301 712 423 786 scelere
438 711 567 784 Pisonis
591 711 813 787 &Plancina
828 709 1048 806 interceptus,
1081 712 1219 787 ultimas

256 838 282 872 “
301 857 418 926 preces
431 832 625 927 pedoribus
643 830 758 902 vestris
776 829 956 927 relinquo:
992 829 1139 903 reseratis
1155 856 1218 927 pa·

256 950 338 1020 “tri
374 977 414 1023 ac
440 949 547 1038 fratri,
587 950 712 1046 quibus
737 948 976 1021 acerbitatibus
1007 949 1221 1041 dilaceratus,

255 1075 282 1109 “
301 1068 425 1165 quibus
455 1068 579 1140 infidiis
596 1067 851 1140 circumventus
875 1067 1095 1141 miserrimam
1111 1069 1219 1143 vitam

255 1192 282 1228 “
301 1189 439 1284 pessimi
465 1207 574 1259 morte
596 1186 756 1259 finierim.
805 1186 839 1259 Si
862 1212 948 1282 quos
969 1183 1043 1282 spes
1068 1213 1168 1276 meae,
1195 1191 1219 1259 s1

256 1312 283 1347 “
302 1332 389 1401 quos
402 1306 616 1403 propinquus
625 1304 775 1402 sanguis,
801 1304 905 1376 etiam
922 1332 1010 1403 quos
1027 1305 1157 1378 invidia
1168 1332 1218 1378 er·

257 1431 284 1465 “
304 1451 347 1521 ga
359 1425 534 1496 viventem
546 1425 722 1512 movebat,
740 1423 1018 1513 inlacrimabunt,
1041 1427 1221 1522 quondam

255 1552 281 1585 ‘⁴
301 1547 494 1631 florentem,
521 1547 554 1614 &
568 1562 618 1615 tot
631 1544 801 1615 bellorum
814 1539 1042 1638 superstitem,
1057 1543 1219 1616 muliebri

256 1669 283 1704 “
302 1661 420 1733 sraude
437 1661 601 1733 cecidisse.
636 1660 711 1733 Erit
723 1660 823 1732 vobis
835 1662 933 1733 locus
946 1663 1110 1759 querendi
1127 1664 1219 1760 apud

255 1788 282 1822 “
301 1779 466 1868 senatum,
485 1779 669 1852 invocandi
682 1781 785 1876 leges.
823 1782 909 1852 Non
923 1782 990 1853 hoc
1002 1780 1218 1877 praecipuum

256 1907 282 1941 “
300 1899 491 1972 amicorum
504 1922 628 1970 munus
641 1896 701 1986 est,
728 1896 887 1995 prosequi
901 1897 1102 1971 defunctum
1119 1898 1216 1996 igna-

256 2027 347 2092 “vo
375 2019 516 2116 questu:
543 2017 599 2090 sed
626 2042 703 2112 quae
733 2017 879 2090 voluerit
906 2016 1110 2105 meminisse,
1138 2043 1216 2113 quae

255 2146 282 2181 “
301 2136 513 2211 mandaverit
526 2134 687 2232 exsequi:
712 2136 844 2208 flebunt
856 2133 1101 2208 Germanicum
1112 2134 1216 2208 etiam

256 2266 283 2301 “
301 2256 435 2356 ignoti:
463 2253 680 2330 vindicabitis
695 2279 772 2344 vos,
799 2257 890 2325 sime
901 2252 1014 2349 potitis
1027 2253 1216 2349 quamsor-

256 2382 282 2418 “
299 2396 418 2447 tunam
437 2401 551 2447 meam
567 2373 746 2448 fovebatis.
794 2369 972 2445 Ostendite
988 2374 1121 2468 populo
1140 2377 1217 2447 Ro-

255 2500 283 2536 “
301 2520 405 2565 mano
421 2493 494 2564 divi
512 2493 661 2590 Augusti
676 2512 829 2589 neptem,
854 2489 1083 2587 eamdemque
1100 2489 1218 2588 conju-

255 2618 283 2653 “
303 2637 383 2708 gem
405 2636 543 2683 meam:
573 2631 748 2684 numerate
764 2609 823 2683 sex
839 2607 973 2683 liberos.
1021 2608 1218 2683 Misericor-

254 2738 282 2772 “
300 2730 449 2802 diacum
462 2729 692 2804 accusantibus
705 2729 785 2802 erit:
813 2725 1092 2825 fingentibusque
1103 2726 1217 2802 sceles-

254 2856 281 2890 “
299 2871 334 2921 ta
352 2850 524 2938 mandata,
550 2869 696 2921 autnon
714 2849 854 2921 credent
871 2847 1043 2937 homines,
1068 2870 1126 2920 aut
1147 2875 1218 2921 non

255 2976 281 3011 “
299 2967 510 3066 ignoscent.''
559 2969 723 3062 Juravere
744 2964 859 3053 amici,
885 2967 1044 3038 dextram
1069 2967 1218 3041 morien·

253 3087 295 3158 tis
312 3088 561 3185 contingentes,
589 3085 788 3185 “spiritum
812 3083 891 3157 ante
915 3085 1022 3183 quam
1047 3086 1217 3160 ultionem

257 3214 285 3248 “
304 3208 517 3280 amisiitros.''

300 3329 452 3400 LXXII.
469 3329 564 3399 Tru
581 3328 625 3399 ad
641 3350 786 3398 uxorem
802 3323 929 3412 versus,
961 3331 989 3367 “
1006 3352 1068 3422 per
1084 3352 1216 3399 memo-

254 3454 281 3489 “
300 3446 385 3519 riam
400 3445 464 3535 sui,
492 3472 552 3543 per
567 3470 770 3520 communes
787 3446 934 3521 liberos’'
948 3447 1070 3537 oravit,
1091 3451 1117 3488 “
1131 3471 1215 3518 exu-

253 3571 280 3606 “
298 3588 368 3637 eret
388 3565 561 3655 ferociam,
588 3564 735 3637 saevienti
754 3564 899 3641 fortunae
916 3568 1126 3643 submitteret
1143 3563 1214 3634 ani·

253 3691 281 3726 “
299 3712 421 3770 mum;
449 3711 515 3756 neu
534 3687 677 3780 regressa
698 3684 734 3755 in
758 3687 895 3761 Urbem
913 3683 1132 3760 aemulatione
1150 3707 1213 3776 po-

253 3808 282 3844 “
300 3804 411 3875 tentiae
426 3803 603 3875 validiores
616 3801 800 3875 inritaret.’'
848 3809 939 3879 Haec
951 3805 1079 3901 palam,
1103 3798 1214 3872 &alia

251 3917 391 4010 secreto,
421 3946 481 4017 per
498 3947 575 4016 quae
594 3921 773 3996 ostendere
789 3927 992 4001 credebatur
1013 3940 1147 3998 metum
1169 3945 1215 3996 ex
