2986 5138
316 541 361 610 26
505 537 854 610 ceolum
889 537 1098 611 Tacrrr

316 718 445 783 “num
479 713 632 784 laborem
658 711 830 809 portendi,
865 709 922 784 sua
951 709 1101 783 facinora
1141 711 1283 787 aversari

316 837 343 872 “
360 833 467 902 deos”
483 833 722 904 lamentantur.
735 831 918 904 Utendum
928 829 1146 903 inclinatione
1156 834 1195 904 eb
1206 834 1283 906 Cae-

312 948 376 1039 sar,
406 954 438 1021 &
457 976 531 1046 quae
545 948 636 1022 casus
653 953 837 1039 obtulerat,
856 950 891 1021 in
907 949 1101 1045 sapientiam
1119 955 1285 1027 vertenda

314 1088 419 1157 ratus,
449 1068 619 1140 circumiri
651 1068 793 1142 tentoria
819 1068 931 1165 jubet.
961 1068 1104 1142 Accitur
1131 1072 1286 1145 centurio

313 1190 488 1277 Clemens,
509 1192 541 1259 ἃ
555 1192 576 1261 fi
591 1189 649 1285 qui
662 1188 718 1260 alii
735 1188 834 1262 bonis
846 1188 973 1260 artibus
987 1187 1073 1286 grati
1086 1188 1121 1260 in
1133 1192 1259 1287 vulgus
1273 1219 1282 1263 ε

314 1307 492 1404 iivigiliis,
522 1307 733 1398 stationibus,
763 1308 920 1381 custodiis
946 1329 1122 1403 portarum
1151 1305 1184 1380 se
1200 1309 1294 1383 inse·

315 1446 408 1514 mnt,
438 1425 532 1522 spem
548 1428 710 1515 offerunt,
741 1448 872 1500 metum
889 1427 1082 1499 intendunt.
1102 1434 1129 1469 “
1147 1428 1284 1525 Quous-

317 1553 344 1588 “
363 1570 431 1641 que
448 1544 557 1616 filium
575 1545 786 1641 imperatoris
808 1546 1066 1619 obsidebimus?
1085 1545 1161 1643 quis
1178 1568 1286 1619 certa-

317 1663 497 1735 “minum
524 1664 626 1735 finis?
645 1665 893 1755 Percennione,
924 1670 956 1737 &
986 1665 1157 1740 Vibuleno
1178 1664 1286 1739 sacra·

317 1790 345 1824 “
365 1804 521 1855 mentum
538 1783 660 1873 diduri
672 1783 811 1857 sumus?
831 1768 1081 1856 Percennius&
1095 1782 1285 1857 Vibulenus

317 1902 526 1998 “stipendia
554 1903 731 1992 militibus,
761 1929 862 2001 agros
894 1901 1041 1975 emeritis
1069 1900 1281 1998 largientur?

317 2023 523 2119 “Denique
556 2049 618 2119 pro
650 2024 848 2096 Neronibus
882 2028 914 2095 &
941 2024 1072 2111 Drusis,
1101 2019 1286 2116 imperium

317 2143 480 2238 “populi
515 2142 668 2214 Romani
685 2143 878 2238 capessent?
898 2141 982 2238 quin
1008 2136 1133 2237 potius,
1167 2162 1206 2212 ut
1223 2168 1286 2214 no·

319 2269 345 2302 “
364 2260 485 2332 viffimi
502 2260 536 2331 in
554 2261 705 2355 culpam,
735 2261 780 2333 ita
798 2261 898 2357 primi
913 2262 957 2334 ad
986 2258 1217 2357 paenitentiam
1234 2259 1287 2334 su·

319 2386 345 2421 “
364 2382 466 2450 mus?
484 2380 602 2450 Tarda
618 2378 692 2451 sunt
709 2406 785 2476 quae
803 2380 838 2452 in
866 2404 1054 2452 commune
1069 2378 1287 2475 expostulan-

319 2502 348 2538 “
367 2514 443 2567 tur:
480 2496 647 2591 privatam
676 2498 820 2595 gratiam
836 2497 947 2570 statim
980 2522 1143 2586 mereare,
1176 2497 1289 2573 statim

319 2623 345 2657 “
366 2615 514 2710 recipias.
529 2617 550 2645 ”
567 2616 760 2688 Commotis
779 2643 838 2713 per
854 2619 927 2689 haec
944 2615 1130 2705 mentibus,
1150 2621 1183 2689 δι
1200 2616 1289 2691 inter

318 2731 350 2806 se
366 2731 535 2828 suspectis,
566 2734 712 2807 tironem
729 2762 748 2808 a
766 2756 942 2825 veterano,
972 2736 1144 2833 legionem
1161 2762 1181 2807 a
1202 2736 1288 2833 legi·

319 2878 386 2925 one
401 2852 588 2924 dissociant.
615 2856 711 2926 Tum
729 2856 837 2927 redire
871 2854 1047 2950 paullatim
1064 2881 1161 2927 amor
1192 2854 1289 2927 obse·

319 2971 412 3067 quii:
433 2971 593 3044 omittunt
612 2995 738 3068 portas,
774 2978 866 3070 figna
881 2999 990 3045 unum
1007 2973 1043 3044 in
1061 2975 1177 3071 locum
1195 2975 1289 3070 prin·

320 3091 409 3186 cipio
446 3090 615 3164 seditionis
653 3114 873 3189 congregata,
913 3090 986 3164 suas
1010 3091 1046 3163 in
1076 3090 1170 3166 sedes
1203 3093 1289 3166 rese·

318 3231 409 3283 l'Usst.

367 3332 503 3404 XXIX.
532 3333 701 3420 Drusus,
732 3351 808 3402 orto
825 3330 894 3419 die,
921 3333 1092 3403 &vocatas
1108 3331 1292 3422 concione,

320 3476 531 3547 quamquam
562 3450 653 3523 rudis
670 3449 820 3538 dicendi,
855 3449 1029 3522 nobilitate
1045 3450 1208 3545 ingenitfi,
1238 3452 1292 3523 in-

320 3566 410 3640 cusat
429 3570 552 3664 priora,
581 3573 702 3665 probat
719 3568 902 3666 prasentia.
931 3572 1049 3667 Negat
1068 3578 1096 3612 “
1114 3568 1146 3641 se
1162 3590 1294 3642 terrore

322 3693 348 3727 “
368 3691 400 3757 δι
428 3688 526 3758 minis
544 3687 658 3760 vinci:
690 3693 798 3761 flexos
814 3689 858 3760 ad
891 3688 1091 3761 modestiam
1109 3692 1131 3760 fi
1161 3688 1291 3775 videat,

322 3809 350 3843 “
370 3808 390 3874 st
409 3804 573 3900 supplices
590 3807 716 3894 audiat,
737 3805 940 3903 scripturum
957 3807 1057 3902 patri,
1083 3826 1122 3879 ut
1138 3808 1297 3901 placatus

323 3922 543 4019 “legionum
561 3949 677 4021 preces
694 3925 876 4022 exciperet.
888 3924 1127 4019 '’Orantibus,
1157 3921 1293 4022 rursum
