2986 5138
483 579 960 657 Anunsruanra.
993 576 1039 653 ΙΙ.
1163 606 1227 680 113

264 754 346 830 cum
370 775 445 828 orta
463 754 645 851 tempestas
661 774 792 850 raperet
815 753 850 824 in
867 754 1027 848 abrupta,
1052 755 1229 850 possetque

263 875 419 949 interitus
434 873 565 946 inimici
577 875 623 945 ad
639 869 754 944 casum
766 868 894 959 referri,
914 870 1038 943 miserit
1060 871 1228 962 triremes,

264 1019 412 1091 quarum
429 991 577 1064 subfidio
589 987 777 1062 discrimini
791 989 1011 1061 eximeretur.
1029 991 1155 1086 Neque
1177 1010 1228 1063 ta-

264 1139 345 1189 men
368 1112 542 1209 mitigatus
565 1108 657 1197 Piso,
681 1109 719 1180 δι
744 1107 805 1179 vix
840 1105 908 1179 diei
942 1133 1075 1180 moram
1096 1108 1230 1205 perpes-

262 1230 328 1320 sus,
358 1229 482 1327 linquit
507 1225 771 1315 Germanicum,
791 1225 1048 1321 praevenitque:
1075 1227 1113 1298 &
1137 1226 1229 1324 post-

263 1374 367 1448 quam
392 1347 522 1443 Syriam
545 1369 585 1419 ac
611 1346 767 1443 legiones
785 1344 911 1441 attigit,
936 1344 1132 1441 largitione,
1155 1372 1228 1418 am.

262 1467 352 1556 bitu,
376 1466 531 1538 infirmos
555 1462 824 1559 manipularium
855 1460 1028 1558 juvando,
1063 1467 1145 1547 cum
1169 1492 1229 1538 ve-

262 1603 350 1657 teres
375 1583 605 1671 centuriones,
643 1579 778 1653 severos
818 1579 973 1653 tribunos
1011 1584 1229 1674 demoveret,

261 1705 409 1799 locaque
433 1726 553 1773 eorum
574 1699 754 1772 clientibus
769 1696 849 1789 suis,
879 1701 936 1771 vel
956 1701 1142 1776 deterrimo
1156 1704 1230 1777 cui-

262 1836 332 1918 que
353 1820 569 1907 attribueret,
594 1816 759 1891 defidiam
781 1819 817 1890 in
845 1818 970 1907 castris,
997 1818 1173 1893 licentiam
1193 1823 1230 1895 in

260 1938 417 2026 urbibus,
435 1963 570 2035 vagum
592 1964 631 2010 ac
644 1936 874 2010 lascivientem
893 1961 954 2033 per
969 1962 1070 2032 agros
1084 1939 1231 2014 militem

260 2062 392 2147 sineret,
421 2056 464 2130 eo
479 2055 599 2154 usque
627 2056 856 2153 corruptionis
880 2058 1062 2151 provestus
1090 2057 1152 2146 est,
1191 2078 1231 2130 ut

258 2176 415 2250 sermone
437 2175 550 2273 vulgi,
567 2196 684 2271 parens
711 2177 857 2272 legionum
880 2176 1072 2246 haberetur.
1150 2179 1231 2250 Nec
1279 2250 1282 2261 ,

259 2295 423 2368 Plancina
459 2294 492 2366 se
527 2295 616 2366 intra
652 2296 779 2367 decora
806 2292 943 2366 seminis
971 2295 1133 2378 tenebat;
1171 2294 1231 2367 sed

258 2413 422 2487 exercitio
434 2413 606 2511 equitum,
620 2413 819 2486 decursibus
831 2412 1028 2485 cohortium
1048 2412 1202 2487 interesse
1217 2443 1227 2487 ε

258 2532 294 2605 in
316 2531 627 2630 Agrippinarn,·in
648 2530 899 2604 Germanicum
927 2532 1152 2605 contumelias
1174 2533 1230 2631 ja·

259 2677 360 2725 cere:
402 2648 609 2747 quibusdam
645 2649 749 2722 etiam
786 2651 962 2722 bonorum
996 2649 1147 2725 militum
1183 2657 1230 2726 ad

259 2772 349 2843 mala
365 2768 528 2866 obsequia
541 2767 723 2864 promptis,
750 2768 861 2864 quod,
886 2776 913 2811 “
929 2769 1022 2840 haud
1035 2768 1146 2843 invito
1163 2771 1229 2845 im·

257 2895 284 2930 “
303 2908 469 2985 peratore,
495 2912 535 2958 ea
557 2885 654 2957 fieri’'
678 2889 833 2959 occultus
850 2912 969 2959 rumor
987 2887 1178 2962 incedebat.

305 3008 401 3078 Lvl.
427 3008 545 3077 Nora
569 2996 648 3078 haec'
664 3004 899 3089 Germanic0;
924 3004 982 3078 sed
1007 3007 1162 3101 praeverti
1183 3010 1230 3082 ad

256 3124 440 3197 Armenios
457 3124 633 3195 instantior
644 3149 726 3195 cura
742 3122 819 3195 suit.
870 3125 1050 3221 Ambigua
1079 3150 1162 3222 gens
1188 3153 1230 3200 ea

256 3243 464 3338 antiquitus,
481 3241 666 3313 hominurn
690 3243 849 3340 ingeniis,
890 3247 923 3315 ἃ
956 3247 1019 3315 situ
1046 3260 1229 3333 terrarum,

258 3386 329 3457 quo
355 3360 476 3432 nostris
502 3359 683 3456 provinciis
706 3361 772 3432 lat&
796 3380 971 3456 praetcnta,
1009 3360 1145 3455 penitus
1183 3363 1229 3433 ad

256 3481 385 3553 Medos
398 3478 596 3576 porrigitur,
623 3478 851 3574 maximisque
873 3477 1025 3573 imperiis
1047 3476 1227 3574 interjecti,

255 3595 292 3667 δι
307 3595 426 3692 saepius
442 3596 612 3669 discordes
635 3596 725 3687 sunt,
753 3598 916 3670 adversus
934 3602 1113 3670 Romanos
1130 3598 1227 3688 odio,

257 3720 294 3788 δέ
313 3715 350 3786 in
370 3718 537 3788 Parthum
567 3715 706 3788 invidia.
769 3721 908 3812 Regem
937 3716 993 3788 illa
1028 3718 1229 3813 tempestate

256 3858 325 3905 non
354 3837 541 3922 habebant,
566 3854 684 3928 ampto
696 3836 866 3906 Vonone:
892 3834 949 3907 sed
963 3835 1062 3906 favor
1080 3836 1227 3909 nationis

257 3949 441 4025 inclinabat
463 3952 499 4023 in
520 3954 716 4043 Zenonem,
744 3953 941 4026 Polemonis
968 3953 1058 4050 regis
1092 3952 1226 4025 Pontici

750 4072 768 4143 I
