2986 5138
371 592 670 662 Auunaruu
703 587 902 659 ΙΛΜΙῙ.Ι
1098 588 1162 683 187

201 775 269 847 tor,
286 757 457 833 Brutidius
475 759 587 856 Niger
608 758 729 846 aedilis,
753 759 851 830 fimul
879 756 1080 854 corripiunt,
1102 762 1166 834 ob-

197 875 398 975 jeslantque
433 886 460 921 ‘⁴
477 878 644 953 violatum
681 877 830 975 Augusti
855 902 998 966 numen,
1025 875 1170 973 spretam

205 997 384 1071 “Tiberii
418 997 663 1096 majestatem.'‘
712 1000 911 1070 Mamercus
939 997 1080 1093 antiqua
1108 1024 1169 1071 ex-

201 1120 318 1214 empla
339 1115 485 1214 jaciens,
512 1125 538 1160 “
557 1120 602 1190 L.
619 1118 758 1189 Cottam
777 1142 797 1188 a
813 1114 970 1212 Scipione
990 1116 1168 1208 Africano,

198 1244 231 1285 ⁴‘
249 1239 318 1310 Ser.
336 1238 485 1309 Galbam
510 1262 530 1309 a
553 1239 685 1309 Catone
701 1234 867 1324 censori0‚
892 1238 931 1308 P.
953 1235 1125 1309 Rutilium
1149 1264 1171 1312 a

198 1363 232 1409 -“
251 1360 307 1429 M.
325 1360 454 1429 Scauro
471 1354 681 1428 accusatos.”
716 1355 883 1427 Videlicet
900 1354 1013 1452 Scipio
1031 1357 1170 1428 &Cato

202 1476 283 1550 talia
308 1473 577 1559 ulciscebantur3
603 1494 662 1547 aut
681 1473 739 1545 ille
755 1477 913 1563 Scaurus,
940 1498 1045 1570 quem
1070 1478 1181 1570 proa-¹

204 1613 291 1668 vum
307 1593 420 1683 suum,
438 1593 667 1689 opprobrium
685 1591 854 1690 majorum
879 1596 1092 1682 Mamercus,
1117 1593 1170 1667 in·

205 1712 290 1787 sarni
306 1718 410 1811 operal
426 1712 681 1785 dehonestabat.
719 1710 826 1805 Junio
838 1712 972 1784 Othoni
987 1712 1171 1788 literarium

204 1834 328 1906 ludum
356 1857 514 1905 exercere
543 1850 642 1903 vetus
670 1856 721 1901 ars
743 1827 832 1902 suit:
863 1856 949 1903 mox
975 1831 1083 1929 Sejani
1108 1860 1171 1929 po·

204 1953 310 2027 tential
342 1952 487 2039 senator,
513 1949 656 2023 obscura
680 1948 775 2021 initia
803 1947 1062 2045 impudentibus
1087 1956 1172 2026 ausis

204 2073 431 2173 propellebat.
461 2070 654 2143 Brutidium
671 2069 800 2141 artibus
817 2069 963 2143 honestis
978 2070 1171 2168 copiosum,

204 2185 257 2282 &2-
286 2181 309 2266 li
337 2193 469 2263 redum
487 2189 550 2261 iter
567 2180 737 2286 pergeret,
761 2189 804 2260 ad
824 2187 1001 2264 clarissima
1025 2217 1173 2287 quaeque

203 2311 345 2400 iturum,
358 2309 528 2383 festinatio
545 2308 800 2395 exstimulabat,
818 2308 905 2380 dum
915 2310 1076 2406 aequales,
1091 2311 1172 2386 dein

204 2429 404 2527 superiores,
435 2427 611 2525 postremb
637 2425 779 2500 suasmet
794 2425 863 2523 ipse
879 2425 952 2523 spes
969 2429 1096 2502 anteire
1112 2457 1172 2528 pa-

204 2568 279 2624 rat:
304 2550 400 2648 quod
418 2548 545 2621 multos
562 2547 664 2620 etiam
682 2548 794 2619 bonos
817 2547 948 2643 pessum
968 2548 1077 2638 dedit,
1098 2550 1172 2647 qui,

205 2667 323 2766 spretis
345 2694 423 2765 quae
454 2670 550 2740 tarda
570 2694 652 2741 curn
676 2663 867 2756 securitate,
893 2687 1098 2764 praematura
1117 2672 1174 2743 vel

205 2814 289 2862 curn
314 2788 420 2860 exitio
445 2806 640 2884 properant.

253 2911 405 2981 LXVll.
430 2913 598 2981 Aurana
625 2930 810 2978 numerum
835 2902 1071 2979 accusatorum
1089 2909 1173 2981 Gel-
1210 2972 1216 2984 ,

206 3029 271 3103 lius
286 3029 465 3125 Poplicola
483 3031 515 3101 ὅ(
531 3030 586 3100 Μ.
603 3025 791 3098 Paconius:
816 3025 873 3096 ille
890 3026 1037 3122 quaestor
1053 3027 1171 3117 Silani,

206 3147 262 3221 hic
276 3149 419 3247 legatus.
469 3150 546 3220 Nec
558 3146 706 3219 dubium
723 3147 925 3234 habebatur,
944 3144 1079 3218 saevitiae
1091 3172 1173 3243 cap·

205 3285 390 3364 tarumque
412 3267 633 3362 pecuniarum
671 3264 779 3337 teneri
818 3290 938 3338 reum:
972 3263 1031 3336 sed
1064 3268 1174 3338 multa

205 3388 459 3485 adgerebantur
487 3387 590 3459 etiam
616 3383 803 3459 insontibus
830 3382 1038 3480 periculosa3
1074 3387 1171 3475 clun,

204 3504 307 3603 super
329 3525 382 3579 tot
407 3504 576 3578 senatores
599 3502 771 3593 adversos,
794 3501 1038 3576 facundissimis
1068 3502 1173 3577 totius

208 3628 311 3713 Asrae,
334 3625 447 3722 esque
472 3626 516 3697 ad
532 3622 761 3698 accusandum
777 3622 929 3710 deleslis,
955 3620 1174 3718 responderet

208 3741 312 3833 solus,
338 3750 372 3816 δι
395 3744 515 3816 orandi
529 3743 671 3831 nescius,
690 3741 832 3839 proprio
842 3741 876 3813 in
894 3761 1003 3830 metu,
1027 3745 1088 3840 qui
1112 3770 1173 3816 ex-

207 3864 347 3940 ercitam
365 3889 506 3961 quoque
528 3863 762 3960 eloquentiam
784 3861 966 3935 debilitat:
993 3887 1063 3933 non
1085 3883 1173 3935 tetn-

208 4004 346 4087 perante
362 3981 520 4072 Tiberio,
548 3983 632 4082 quin
662 4001 830 4079 premeret
858 4007 959 4073 voce,
990 3983 1105 4074 vultu,
1132 3982 1174 4055 eb
