<?xml version="1.0" encoding="UTF-8"?>
<!DOCTYPE html PUBLIC "-//W3C//DTD XHTML 1.0 Transitional//EN"
    "http://www.w3.org/TR/xhtml1/DTD/xhtml1-transitional.dtd">
<html xmlns="http://www.w3.org/1999/xhtml" xml:lang="en" lang="en">
 <head>
  <title>
</title>
<meta http-equiv="Content-Type" content="text/html;charset=utf-8" />
  <meta name='ocr-system' content='tesseract 3.04.00' />
  <meta name='ocr-capabilities' content='ocr_page ocr_carea ocr_par ocr_line ocrx_word'/>
</head>
<body>
  <div class='ocr_page' id='page_1' title='image "./ccorneliitaciti03ernegoog_0333.png"; bbox 0 0 2986 5138; ppageno 0'>
   <div class='ocr_carea' id='block_1_1' title="bbox 335 569 1146 670">
    <p class='ocr_par' dir='ltr' id='par_1_1' title="bbox 335 569 1146 670">
     <span class='ocr_line' id='line_1_1' title="bbox 335 569 1146 670; baseline -0.006 -21"><span class='ocrx_word' id='word_1_1' title='bbox 335 578 402 670; x_wconf 82' lang='lat'>27⁶</span> <span class='ocrx_word' id='word_1_2' title='bbox 565 569 1146 647; x_wconf 75' lang='lat' dir='ltr'>C.Connnr11Tnc1r1</span> 
     </span>
    </p>
   </div>
   <div class='ocr_carea' id='block_1_2' title="bbox 336 740 1340 3906">
    <p class='ocr_par' dir='ltr' id='par_1_2' title="bbox 336 740 1339 958">
     <span class='ocr_line' id='line_1_2' title="bbox 336 740 1339 843; baseline -0.003 -26"><span class='ocrx_word' id='word_1_3' title='bbox 336 745 552 843; x_wconf 89' lang='lat' dir='ltr'>propinquus</span> <span class='ocrx_word' id='word_1_4' title='bbox 577 766 635 818; x_wconf 91' lang='lat' dir='ltr'>aut</span> <span class='ocrx_word' id='word_1_5' title='bbox 663 771 795 840; x_wconf 89' lang='lat' dir='ltr'>patens,</span> <span class='ocrx_word' id='word_1_6' title='bbox 824 743 912 833; x_wconf 89' lang='lat' dir='ltr'>vim,</span> <span class='ocrx_word' id='word_1_7' title='bbox 935 760 1064 838; x_wconf 88' lang='lat' dir='ltr'>raptus,</span> <span class='ocrx_word' id='word_1_8' title='bbox 1095 741 1238 837; x_wconf 88' lang='lat' dir='ltr'>suaque</span> <span class='ocrx_word' id='word_1_9' title='bbox 1271 740 1339 842; x_wconf 77' lang='lat' dir='ltr'>ipsi</span> 
     </span>
     <span class='ocr_line' id='line_1_3' title="bbox 338 863 1021 958; baseline -0.006 -23"><span class='ocrx_word' id='word_1_10' title='bbox 338 865 447 953; x_wconf 90' lang='lat' dir='ltr'>libita,</span> <span class='ocrx_word' id='word_1_11' title='bbox 472 865 568 935; x_wconf 91' lang='lat' dir='ltr'>velut</span> <span class='ocrx_word' id='word_1_12' title='bbox 594 863 628 933; x_wconf 90' lang='lat' dir='ltr'>in</span> <span class='ocrx_word' id='word_1_13' title='bbox 644 884 776 958; x_wconf 89' lang='lat' dir='ltr'>captos,</span> <span class='ocrx_word' id='word_1_14' title='bbox 803 864 1021 934; x_wconf 85' lang='lat' dir='ltr'>exercebant.</span> 
     </span>
    </p>

    <p class='ocr_par' dir='ltr' id='par_1_3' title="bbox 339 978 1340 3906">
     <span class='ocr_line' id='line_1_4' title="bbox 386 978 1337 1077; baseline -0.005 -23"><span class='ocrx_word' id='word_1_15' title='bbox 386 986 430 1054; x_wconf 95' lang='lat' dir='ltr'>ll.</span> <span class='ocrx_word' id='word_1_16' title='bbox 458 988 516 1054; x_wconf 84' lang='lat' dir='ltr'>Ar</span> <span class='ocrx_word' id='word_1_17' title='bbox 536 986 667 1054; x_wconf 74' lang='lat' dir='ltr'>Rostra</span> <span class='ocrx_word' id='word_1_18' title='bbox 681 981 852 1077; x_wconf 85' lang='lat' dir='ltr'>principio</span> <span class='ocrx_word' id='word_1_19' title='bbox 869 981 964 1068; x_wconf 89' lang='lat' dir='ltr'>anni,</span> <span class='ocrx_word' id='word_1_20' title='bbox 982 982 1074 1075; x_wconf 81' lang='lat' dir='ltr'>quast</span> <span class='ocrx_word' id='word_1_21' title='bbox 1091 978 1219 1050; x_wconf 73' lang='lat' dir='ltr'>recens</span> <span class='ocrx_word' id='word_1_22' title='bbox 1240 1003 1337 1076; x_wconf 92' lang='lat' dir='ltr'>cog·</span> 
     </span>
     <span class='ocr_line' id='line_1_5' title="bbox 339 1097 1335 1195; baseline -0.004 -22"><span class='ocrx_word' id='word_1_23' title='bbox 339 1102 416 1174; x_wconf 89' lang='lat' dir='ltr'>nitis</span> <span class='ocrx_word' id='word_1_24' title='bbox 434 1100 548 1173; x_wconf 87' lang='lat' dir='ltr'>Liviae</span> <span class='ocrx_word' id='word_1_25' title='bbox 565 1099 717 1195; x_wconf 86' lang='lat' dir='ltr'>flagitiis,</span> <span class='ocrx_word' id='word_1_26' title='bbox 747 1124 786 1171; x_wconf 90' lang='lat' dir='ltr'>ac</span> <span class='ocrx_word' id='word_1_27' title='bbox 802 1125 872 1172; x_wconf 94' lang='lat' dir='ltr'>non</span> <span class='ocrx_word' id='word_1_28' title='bbox 895 1099 1029 1195; x_wconf 86' lang='lat' dir='ltr'>pridem</span> <span class='ocrx_word' id='word_1_29' title='bbox 1046 1097 1154 1170; x_wconf 90' lang='lat' dir='ltr'>etiam</span> <span class='ocrx_word' id='word_1_30' title='bbox 1173 1097 1335 1193; x_wconf 88' lang='lat' dir='ltr'>punitis,</span> 
     </span>
     <span class='ocr_line' id='line_1_6' title="bbox 339 1217 1337 1314; baseline -0.004 -23"><span class='ocrx_word' id='word_1_31' title='bbox 339 1242 468 1293; x_wconf 80' lang='lat' dir='ltr'>atroces</span> <span class='ocrx_word' id='word_1_32' title='bbox 492 1217 663 1290; x_wconf 87' lang='lat' dir='ltr'>sentcntiae</span> <span class='ocrx_word' id='word_1_33' title='bbox 680 1217 898 1306; x_wconf 87' lang='lat' dir='ltr'>dicebantur,</span> <span class='ocrx_word' id='word_1_34' title='bbox 917 1218 952 1289; x_wconf 94' lang='lat' dir='ltr'>in</span> <span class='ocrx_word' id='word_1_35' title='bbox 969 1217 1099 1314; x_wconf 89' lang='lat' dir='ltr'>effigies</span> <span class='ocrx_word' id='word_1_36' title='bbox 1116 1241 1274 1313; x_wconf 91' lang='lat' dir='ltr'>quoque</span> <span class='ocrx_word' id='word_1_37' title='bbox 1291 1241 1337 1288; x_wconf 92' lang='lat' dir='ltr'>ac</span> 
     </span>
     <span class='ocr_line' id='line_1_7' title="bbox 340 1333 1331 1433; baseline -0.004 -23"><span class='ocrx_word' id='word_1_38' title='bbox 340 1338 544 1428; x_wconf 80' lang='lat' dir='ltr'>memoriam</span> <span class='ocrx_word' id='word_1_39' title='bbox 569 1335 661 1433; x_wconf 85' lang='lat' dir='ltr'>ejus:</span> <span class='ocrx_word' id='word_1_40' title='bbox 691 1341 723 1409; x_wconf 88' lang='lat'>&amp;</span> <span class='ocrx_word' id='word_1_41' title='bbox 751 1344 778 1378; x_wconf 91' lang='lat'><strong>“</strong></span> <span class='ocrx_word' id='word_1_42' title='bbox 797 1339 889 1409; x_wconf 88' lang='lat' dir='ltr'>bona</span> <span class='ocrx_word' id='word_1_43' title='bbox 906 1333 1016 1432; x_wconf 88' lang='lat' dir='ltr'>Sejani</span> <span class='ocrx_word' id='word_1_44' title='bbox 1039 1337 1156 1407; x_wconf 89' lang='lat' dir='ltr'>ablata</span> <span class='ocrx_word' id='word_1_45' title='bbox 1183 1335 1331 1424; x_wconf 87' lang='lat' dir='ltr'>aerari0,</span> 
     </span>
     <span class='ocr_line' id='line_1_8' title="bbox 341 1453 1333 1552; baseline -0.004 -23"><span class='ocrx_word' id='word_1_46' title='bbox 341 1465 368 1499; x_wconf 91' lang='lat'><strong>“</strong></span> <span class='ocrx_word' id='word_1_47' title='bbox 394 1478 432 1529; x_wconf 91' lang='lat' dir='ltr'>ut</span> <span class='ocrx_word' id='word_1_48' title='bbox 465 1456 500 1526; x_wconf 89' lang='lat' dir='ltr'>in</span> <span class='ocrx_word' id='word_1_49' title='bbox 526 1453 645 1526; x_wconf 88' lang='lat' dir='ltr'>fiscum</span> <span class='ocrx_word' id='word_1_50' title='bbox 681 1457 923 1552; x_wconf 85' lang='lat' dir='ltr'>cogerentur,&#39;&#39;</span> <span class='ocrx_word' id='word_1_51' title='bbox 954 1477 1133 1551; x_wconf 85' lang='lat' dir='ltr'>tamquam</span> <span class='ocrx_word' id='word_1_52' title='bbox 1167 1453 1333 1526; x_wconf 87' lang='lat' dir='ltr'>referret.</span> 
     </span>
     <span class='ocr_line' id='line_1_9' title="bbox 339 1572 1327 1670; baseline -0.001 -23"><span class='ocrx_word' id='word_1_53' title='bbox 339 1574 515 1670; x_wconf 86' lang='lat' dir='ltr'>Scipiones</span> <span class='ocrx_word' id='word_1_54' title='bbox 544 1575 630 1661; x_wconf 86' lang='lat' dir='ltr'>haec,</span> <span class='ocrx_word' id='word_1_55' title='bbox 658 1578 691 1645; x_wconf 73' lang='grc' dir='ltr'>δι</span> <span class='ocrx_word' id='word_1_56' title='bbox 708 1574 826 1664; x_wconf 88' lang='lat' dir='ltr'>Silani,</span> <span class='ocrx_word' id='word_1_57' title='bbox 851 1580 884 1647; x_wconf 78' lang='grc' dir='ltr'>δι</span> <span class='ocrx_word' id='word_1_58' title='bbox 901 1574 1016 1662; x_wconf 76' lang='lat' dir='ltr'>carni,</span> <span class='ocrx_word' id='word_1_59' title='bbox 1044 1572 1165 1645; x_wconf 90' lang='lat' dir='ltr'>iisdem</span> <span class='ocrx_word' id='word_1_60' title='bbox 1191 1572 1327 1663; x_wconf 89' lang='lat' dir='ltr'>ferme,</span> 
     </span>
     <span class='ocr_line' id='line_1_10' title="bbox 341 1691 1333 1788; baseline -0.002 -22"><span class='ocrx_word' id='word_1_61' title='bbox 341 1716 398 1766; x_wconf 89' lang='lat' dir='ltr'>aut</span> <span class='ocrx_word' id='word_1_62' title='bbox 419 1694 576 1788; x_wconf 89' lang='lat' dir='ltr'>paullum</span> <span class='ocrx_word' id='word_1_63' title='bbox 593 1692 783 1765; x_wconf 85' lang='lat' dir='ltr'>immutatis</span> <span class='ocrx_word' id='word_1_64' title='bbox 802 1694 915 1766; x_wconf 88' lang='lat' dir='ltr'>verbis</span> <span class='ocrx_word' id='word_1_65' title='bbox 932 1691 1185 1764; x_wconf 91' lang='lat' dir='ltr'>adseveratione</span> <span class='ocrx_word' id='word_1_66' title='bbox 1209 1694 1333 1764; x_wconf 64' lang='lat' dir='ltr'>multa</span> 
     </span>
     <span class='ocr_line' id='line_1_11' title="bbox 342 1811 1330 1908; baseline -0.001 -24"><span class='ocrx_word' id='word_1_67' title='bbox 342 1811 548 1884; x_wconf 88' lang='lat' dir='ltr'>censebant:</span> <span class='ocrx_word' id='word_1_68' title='bbox 576 1813 658 1884; x_wconf 79' lang='lat' dir='ltr'>cunt</span> <span class='ocrx_word' id='word_1_69' title='bbox 691 1813 830 1908; x_wconf 72' lang='lat' dir='ltr'>repente</span> <span class='ocrx_word' id='word_1_70' title='bbox 858 1812 1044 1908; x_wconf 84' lang='lat' dir='ltr'>Togonius</span> <span class='ocrx_word' id='word_1_71' title='bbox 1068 1811 1205 1898; x_wconf 89' lang='lat' dir='ltr'>Gallus,</span> <span class='ocrx_word' id='word_1_72' title='bbox 1234 1812 1330 1883; x_wconf 90' lang='lat' dir='ltr'>dum</span> 
     </span>
     <span class='ocr_line' id='line_1_12' title="bbox 342 1928 1327 2029; baseline -0.001 -25"><span class='ocrx_word' id='word_1_73' title='bbox 342 1932 595 2029; x_wconf 83' lang='lat' dir='ltr'>ignobilitatem</span> <span class='ocrx_word' id='word_1_74' title='bbox 613 1928 709 2002; x_wconf 90' lang='lat' dir='ltr'>suam</span> <span class='ocrx_word' id='word_1_75' title='bbox 727 1931 861 2027; x_wconf 88' lang='lat' dir='ltr'>magnis</span> <span class='ocrx_word' id='word_1_76' title='bbox 877 1930 1075 2002; x_wconf 91' lang='lat' dir='ltr'>nominibus</span> <span class='ocrx_word' id='word_1_77' title='bbox 1097 1929 1227 2019; x_wconf 90' lang='lat' dir='ltr'>inserit,</span> <span class='ocrx_word' id='word_1_78' title='bbox 1261 1956 1327 2026; x_wconf 88' lang='lat' dir='ltr'>per</span> 
     </span>
     <span class='ocr_line' id='line_1_13' title="bbox 342 2048 1329 2144; baseline 0.001 -22"><span class='ocrx_word' id='word_1_79' title='bbox 342 2050 573 2122; x_wconf 90' lang='lat' dir='ltr'>deridiculum</span> <span class='ocrx_word' id='word_1_80' title='bbox 614 2050 762 2122; x_wconf 88' lang='lat' dir='ltr'>auditur.</span> <span class='ocrx_word' id='word_1_81' title='bbox 827 2051 923 2122; x_wconf 92' lang='lat' dir='ltr'>Nam</span> <span class='ocrx_word' id='word_1_82' title='bbox 957 2048 1158 2144; x_wconf 91' lang='lat' dir='ltr'>Principem</span> <span class='ocrx_word' id='word_1_83' title='bbox 1197 2051 1329 2123; x_wconf 90' lang='lat' dir='ltr'>orabat</span> 
     </span>
     <span class='ocr_line' id='line_1_14' title="bbox 344 2167 1328 2265; baseline 0 -26"><span class='ocrx_word' id='word_1_84' title='bbox 344 2169 541 2264; x_wconf 87' lang='lat' dir='ltr'>“deligere</span> <span class='ocrx_word' id='word_1_85' title='bbox 561 2168 743 2258; x_wconf 83' lang='lat' dir='ltr'>senatores,</span> <span class='ocrx_word' id='word_1_86' title='bbox 780 2194 824 2240; x_wconf 87' lang='lat' dir='ltr'>ex</span> <span class='ocrx_word' id='word_1_87' title='bbox 852 2169 930 2265; x_wconf 89' lang='lat' dir='ltr'>quls</span> <span class='ocrx_word' id='word_1_88' title='bbox 947 2167 1071 2265; x_wconf 90' lang='lat' dir='ltr'>viginti</span> <span class='ocrx_word' id='word_1_89' title='bbox 1100 2168 1185 2240; x_wconf 91' lang='lat' dir='ltr'>sorte</span> <span class='ocrx_word' id='word_1_90' title='bbox 1206 2168 1328 2257; x_wconf 73' lang='lat' dir='ltr'>ducti,</span> 
     </span>
     <span class='ocr_line' id='line_1_15' title="bbox 344 2286 1340 2383; baseline 0 -24"><span class='ocrx_word' id='word_1_91' title='bbox 344 2295 372 2330; x_wconf 89' lang='lat'><strong>“</strong></span> <span class='ocrx_word' id='word_1_92' title='bbox 391 2294 424 2359; x_wconf 76' lang='grc' dir='ltr'>δι</span> <span class='ocrx_word' id='word_1_93' title='bbox 443 2287 532 2360; x_wconf 87' lang='lat' dir='ltr'>ferro</span> <span class='ocrx_word' id='word_1_94' title='bbox 556 2288 714 2376; x_wconf 74' lang='lat' dir='ltr'>accindi,</span> <span class='ocrx_word' id='word_1_95' title='bbox 738 2287 896 2383; x_wconf 90' lang='lat' dir='ltr'>quotiens</span> <span class='ocrx_word' id='word_1_96' title='bbox 920 2287 1052 2359; x_wconf 87' lang='lat' dir='ltr'>curiam</span> <span class='ocrx_word' id='word_1_97' title='bbox 1077 2287 1201 2374; x_wconf 87' lang='lat' dir='ltr'>iniffet,</span> <span class='ocrx_word' id='word_1_98' title='bbox 1233 2286 1340 2359; x_wconf 83' lang='lat' dir='ltr'>salu·.</span> 
     </span>
     <span class='ocr_line' id='line_1_16' title="bbox 347 2403 1332 2500; baseline 0.004 -26"><span class='ocrx_word' id='word_1_99' title='bbox 347 2413 375 2447; x_wconf 90' lang='lat'><strong>“</strong></span> <span class='ocrx_word' id='word_1_100' title='bbox 401 2424 474 2476; x_wconf 92' lang='lat' dir='ltr'>tem</span> <span class='ocrx_word' id='word_1_101' title='bbox 518 2403 591 2500; x_wconf 82' lang='lat' dir='ltr'>ejus</span> <span class='ocrx_word' id='word_1_102' title='bbox 632 2403 914 2478; x_wconf 84' lang='lat' dir='ltr'>defenderent:&#39;&#39;</span> <span class='ocrx_word' id='word_1_103' title='bbox 944 2405 1135 2479; x_wconf 90' lang='lat' dir='ltr'>crediderat</span> <span class='ocrx_word' id='word_1_104' title='bbox 1158 2404 1332 2478; x_wconf 85' lang='lat' dir='ltr'>nimirum</span> 
     </span>
     <span class='ocr_line' id='line_1_17' title="bbox 342 2520 1326 2621; baseline -0.001 -25"><span class='ocrx_word' id='word_1_105' title='bbox 342 2523 510 2621; x_wconf 70' lang='lat' dir='ltr'>epistolae,</span> <span class='ocrx_word' id='word_1_106' title='bbox 544 2520 739 2594; x_wconf 77' lang='lat' dir='ltr'>“subsidio</span> <span class='ocrx_word' id='word_1_107' title='bbox 772 2524 832 2595; x_wconf 82' lang='lat' dir='ltr'>fibi</span> <span class='ocrx_word' id='word_1_108' title='bbox 858 2526 1003 2596; x_wconf 87' lang='lat' dir='ltr'>alterum</span> <span class='ocrx_word' id='word_1_109' title='bbox 1031 2550 1076 2596; x_wconf 87' lang='lat' dir='ltr'>ex</span> <span class='ocrx_word' id='word_1_110' title='bbox 1098 2521 1326 2596; x_wconf 85' lang='lat' dir='ltr'>consulibus&#39;&#39;</span> 
     </span>
     <span class='ocr_line' id='line_1_18' title="bbox 344 2640 1329 2738; baseline 0 -25"><span class='ocrx_word' id='word_1_111' title='bbox 344 2640 524 2738; x_wconf 88' lang='lat' dir='ltr'>poscentis,</span> <span class='ocrx_word' id='word_1_112' title='bbox 555 2648 638 2711; x_wconf 90' lang='lat' dir='ltr'>“ut</span> <span class='ocrx_word' id='word_1_113' title='bbox 667 2659 761 2713; x_wconf 88' lang='lat' dir='ltr'>tutus</span> <span class='ocrx_word' id='word_1_114' title='bbox 791 2668 810 2713; x_wconf 90' lang='lat' dir='ltr'>a</span> <span class='ocrx_word' id='word_1_115' title='bbox 833 2644 975 2738; x_wconf 86' lang='lat' dir='ltr'>Capreis</span> <span class='ocrx_word' id='word_1_116' title='bbox 993 2646 1131 2715; x_wconf 89' lang='lat' dir='ltr'>Urbem</span> <span class='ocrx_word' id='word_1_117' title='bbox 1154 2642 1329 2737; x_wconf 87' lang='lat' dir='ltr'>peteret.”</span> 
     </span>
     <span class='ocr_line' id='line_1_19' title="bbox 342 2759 1326 2856; baseline -0.003 -23"><span class='ocrx_word' id='word_1_118' title='bbox 342 2761 503 2833; x_wconf 86' lang='lat' dir='ltr'>Tiberius</span> <span class='ocrx_word' id='word_1_119' title='bbox 541 2781 657 2830; x_wconf 88' lang='lat' dir='ltr'>tamen</span> <span class='ocrx_word' id='word_1_120' title='bbox 699 2761 847 2833; x_wconf 88' lang='lat' dir='ltr'>ludibria</span> <span class='ocrx_word' id='word_1_121' title='bbox 882 2761 972 2833; x_wconf 87' lang='lat' dir='ltr'>seriis</span> <span class='ocrx_word' id='word_1_122' title='bbox 1009 2760 1209 2856; x_wconf 88' lang='lat' dir='ltr'>permiscere</span> <span class='ocrx_word' id='word_1_123' title='bbox 1244 2759 1326 2832; x_wconf 90' lang='lat' dir='ltr'>soli·</span> 
     </span>
     <span class='ocr_line' id='line_1_20' title="bbox 342 2878 1327 2975; baseline 0.002 -25"><span class='ocrx_word' id='word_1_124' title='bbox 342 2901 409 2965; x_wconf 89' lang='lat' dir='ltr'>tus,</span> <span class='ocrx_word' id='word_1_125' title='bbox 436 2879 507 2975; x_wconf 86' lang='lat' dir='ltr'>egit</span> <span class='ocrx_word' id='word_1_126' title='bbox 531 2899 642 2975; x_wconf 79' lang='lat' dir='ltr'>grates</span> <span class='ocrx_word' id='word_1_127' title='bbox 662 2881 909 2951; x_wconf 75' lang='lat' dir='ltr'>benevolentiae</span> <span class='ocrx_word' id='word_1_128' title='bbox 934 2901 1087 2975; x_wconf 86' lang='lat' dir='ltr'>patrum:</span> <span class='ocrx_word' id='word_1_129' title='bbox 1118 2887 1144 2920; x_wconf 93' lang='lat'><strong>“</strong></span> <span class='ocrx_word' id='word_1_130' title='bbox 1163 2878 1218 2950; x_wconf 89' lang='lat' dir='ltr'>sed</span> <span class='ocrx_word' id='word_1_131' title='bbox 1234 2905 1327 2975; x_wconf 90' lang='lat' dir='ltr'>quos</span> 
     </span>
     <span class='ocr_line' id='line_1_21' title="bbox 342 2996 1320 3095; baseline 0.002 -26"><span class='ocrx_word' id='word_1_132' title='bbox 342 2999 500 3070; x_wconf 86' lang='lat' dir='ltr'>“omitti</span> <span class='ocrx_word' id='word_1_133' title='bbox 532 3002 643 3095; x_wconf 82' lang='lat' dir='ltr'>polle?</span> <span class='ocrx_word' id='word_1_134' title='bbox 678 3025 765 3094; x_wconf 89' lang='lat' dir='ltr'>quos</span> <span class='ocrx_word' id='word_1_135' title='bbox 788 2999 921 3094; x_wconf 83' lang='lat' dir='ltr'>deligi?</span> <span class='ocrx_word' id='word_1_136' title='bbox 949 2997 1125 3094; x_wconf 87' lang='lat' dir='ltr'>semperne</span> <span class='ocrx_word' id='word_1_137' title='bbox 1155 2996 1320 3071; x_wconf 87' lang='lat' dir='ltr'>eosdem?</span> 
     </span>
     <span class='ocr_line' id='line_1_22' title="bbox 345 3117 1328 3214; baseline 0.002 -26"><span class='ocrx_word' id='word_1_138' title='bbox 345 3126 371 3159; x_wconf 89' lang='lat'><strong>“</strong></span> <span class='ocrx_word' id='word_1_139' title='bbox 391 3145 434 3188; x_wconf 89' lang='lat' dir='ltr'>an</span> <span class='ocrx_word' id='word_1_140' title='bbox 460 3118 604 3191; x_wconf 93' lang='lat' dir='ltr'>subinde</span> <span class='ocrx_word' id='word_1_141' title='bbox 621 3119 731 3190; x_wconf 80' lang='lat' dir='ltr'>alios?</span> <span class='ocrx_word' id='word_1_142' title='bbox 764 3123 796 3188; x_wconf 71' lang='lat' dir='ltr'>dr</span> <span class='ocrx_word' id='word_1_143' title='bbox 824 3118 1012 3189; x_wconf 87' lang='lat' dir='ltr'>honoribus</span> <span class='ocrx_word' id='word_1_144' title='bbox 1040 3117 1254 3214; x_wconf 70' lang='lat' dir='ltr'>persunstos,</span> <span class='ocrx_word' id='word_1_145' title='bbox 1279 3143 1328 3190; x_wconf 93' lang='lat' dir='ltr'>an</span> 
     </span>
     <span class='ocr_line' id='line_1_23' title="bbox 344 3236 1327 3333; baseline 0.001 -25"><span class='ocrx_word' id='word_1_146' title='bbox 344 3236 551 3332; x_wconf 84' lang='lat' dir='ltr'>“juvenes?</span> <span class='ocrx_word' id='word_1_147' title='bbox 582 3238 749 3332; x_wconf 82' lang='lat' dir='ltr'>privatos,</span> <span class='ocrx_word' id='word_1_148' title='bbox 786 3236 1166 3333; x_wconf 85' lang='lat' dir='ltr'>anemagisttatibus?</span> <span class='ocrx_word' id='word_1_149' title='bbox 1203 3240 1327 3333; x_wconf 79' lang='lat' dir='ltr'>Qant</span> 
     </span>
     <span class='ocr_line' id='line_1_24' title="bbox 345 3354 1325 3451; baseline 0 -24"><span class='ocrx_word' id='word_1_150' title='bbox 345 3365 372 3398; x_wconf 88' lang='lat'>“</span> <span class='ocrx_word' id='word_1_151' title='bbox 392 3358 518 3428; x_wconf 88' lang='lat' dir='ltr'>deinde</span> <span class='ocrx_word' id='word_1_152' title='bbox 536 3357 684 3451; x_wconf 86' lang='lat' dir='ltr'>speciem</span> <span class='ocrx_word' id='word_1_153' title='bbox 703 3355 789 3441; x_wconf 87' lang='lat' dir='ltr'>sore,</span> <span class='ocrx_word' id='word_1_154' title='bbox 804 3354 1013 3427; x_wconf 89' lang='lat' dir='ltr'>sumentium</span> <span class='ocrx_word' id='word_1_155' title='bbox 1030 3357 1064 3426; x_wconf 97' lang='lat' dir='ltr'>in</span> <span class='ocrx_word' id='word_1_156' title='bbox 1083 3356 1200 3426; x_wconf 90' lang='lat' dir='ltr'>limine</span> <span class='ocrx_word' id='word_1_157' title='bbox 1217 3355 1325 3427; x_wconf 84' lang='lat' dir='ltr'>curiae</span> 
     </span>
     <span class='ocr_line' id='line_1_25' title="bbox 343 3474 1324 3571; baseline 0.001 -25"><span class='ocrx_word' id='word_1_158' title='bbox 343 3484 371 3521; x_wconf 88' lang='lat'><strong>“</strong></span> <span class='ocrx_word' id='word_1_159' title='bbox 392 3477 542 3571; x_wconf 86' lang='lat' dir='ltr'>gladios?</span> <span class='ocrx_word' id='word_1_160' title='bbox 564 3501 676 3570; x_wconf 90' lang='lat' dir='ltr'>neque</span> <span class='ocrx_word' id='word_1_161' title='bbox 695 3474 753 3544; x_wconf 86' lang='lat' dir='ltr'>stbi</span> <span class='ocrx_word' id='word_1_162' title='bbox 773 3475 878 3545; x_wconf 84' lang='lat' dir='ltr'>vitam</span> <span class='ocrx_word' id='word_1_163' title='bbox 896 3474 995 3563; x_wconf 90' lang='lat' dir='ltr'>tanti,</span> <span class='ocrx_word' id='word_1_164' title='bbox 1019 3474 1157 3545; x_wconf 82' lang='lat' dir='ltr'>starmis</span> <span class='ocrx_word' id='word_1_165' title='bbox 1169 3475 1324 3570; x_wconf 85' lang='lat' dir='ltr'>tegenda</span> 
     </span>
     <span class='ocr_line' id='line_1_26' title="bbox 345 3592 1325 3690; baseline -0.001 -26"><span class='ocrx_word' id='word_1_166' title='bbox 345 3601 372 3634; x_wconf 89' lang='lat'><strong>“</strong></span> <span class='ocrx_word' id='word_1_167' title='bbox 392 3594 515 3666; x_wconf 84' lang='lat' dir='ltr'>foret.&#39;&#39;</span> <span class='ocrx_word' id='word_1_168' title='bbox 566 3599 656 3667; x_wconf 87' lang='lat' dir='ltr'>Haec</span> <span class='ocrx_word' id='word_1_169' title='bbox 675 3594 837 3665; x_wconf 79' lang='lat' dir='ltr'>adversus</span> <span class='ocrx_word' id='word_1_170' title='bbox 855 3594 1076 3690; x_wconf 90' lang='lat' dir='ltr'>Togonium,</span> <span class='ocrx_word' id='word_1_171' title='bbox 1106 3592 1220 3665; x_wconf 86' lang='lat' dir='ltr'>verbis</span> <span class='ocrx_word' id='word_1_172' title='bbox 1245 3618 1325 3663; x_wconf 88' lang='lat' dir='ltr'>mo·</span> 
     </span>
     <span class='ocr_line' id='line_1_27' title="bbox 342 3710 1324 3811; baseline -0.004 -26"><span class='ocrx_word' id='word_1_173' title='bbox 342 3717 489 3786; x_wconf 88' lang='lat' dir='ltr'>derans:</span> <span class='ocrx_word' id='word_1_174' title='bbox 523 3739 637 3811; x_wconf 86' lang='lat' dir='ltr'>neque</span> <span class='ocrx_word' id='word_1_175' title='bbox 670 3714 760 3784; x_wconf 87' lang='lat' dir='ltr'>ultra</span> <span class='ocrx_word' id='word_1_176' title='bbox 792 3712 1014 3786; x_wconf 89' lang='lat' dir='ltr'>abolitionem</span> <span class='ocrx_word' id='word_1_177' title='bbox 1043 3711 1215 3785; x_wconf 83' lang='lat' dir='ltr'>sententiae</span> <span class='ocrx_word' id='word_1_178' title='bbox 1248 3710 1324 3789; x_wconf 54' lang='lat' dir='ltr'>sua.</span> 
     </span>
     <span class='ocr_line' id='line_1_28' title="bbox 343 3835 433 3906; baseline 0.033 -4"><span class='ocrx_word' id='word_1_179' title='bbox 343 3835 433 3906; x_wconf 84' lang='lat' dir='ltr'>dere.</span> 
     </span>
    </p>
   </div>
   <div class='ocr_carea' id='block_1_3' title="bbox 0 0 1513 5138">
    <p class='ocr_par' dir='ltr' id='par_1_4' title="bbox 0 0 1513 5138">
     <span class='ocr_line' id='line_1_29' title="bbox 0 0 1513 5138; baseline 0 0"><span class='ocrx_word' id='word_1_180' title='bbox 0 0 1513 5138; x_wconf 95' lang='lat' dir='ltr'> </span> 
     </span>
    </p>
   </div>
  </div>
 </body>
</html>
