2986 5138
400 590 705 663 Ammon
736 585 849 657 Lrn.
884 585 946 658 tv.
1095 609 1164 682 203

192 764 276 837 dine
297 760 412 834 nostrl
429 778 661 856 proteguntur
682 758 868 832 adversbm
889 777 1032 831 externa
1054 759 1165 858 impe·

193 881 256 957 ria.
309 882 356 953 Et
385 878 573 952 Thraciam
600 878 876 967 Rhoemetalces,
905 903 946 950 ac
974 877 1072 952 liberi
1097 881 1168 953 Co-

193 999 286 1096 tyis:
313 999 495 1096 ripamque
521 996 689 1085 Danubii,
715 995 896 1093 legionum
917 997 996 1069 duae
1013 997 1050 1070 in
1076 999 1168 1071 Pan·

194 1118 315 1209 nonid,
341 1118 420 1190 dua:
438 1116 475 1189 in
504 1118 633 1189 Moesra
659 1115 875 1188 attinebant:
903 1113 1053 1188 totidem
1074 1119 1170 1215 apud

194 1236 410 1313 Dalmatiam
437 1234 571 1323 locatis,
599 1260 678 1331 quae
707 1238 818 1331 positu
845 1233 997 1331 regionis
1026 1261 1046 1307 a
1068 1255 1169 1334 tergo

195 1358 276 1447 illis,
303 1383 357 1446 ac,
385 1360 408 1428 fi
437 1355 657 1451 repentinum
686 1353 854 1430 auxilium
885 1353 984 1425 ltalia
1002 1353 1168 1450 posceret,

195 1477 291 1550 haud
324 1476 448 1572 procul
481 1473 686 1548 accirentur.
751 1476 979 1570 Qramquam
1012 1473 1196 1547 insideret*

140 1674 143 1683 ,
191 1596 337 1668 ‘Urbem
355 1593 517 1690 proprius
534 1593 647 1682 miles,
661 1613 729 1666 tres
746 1594 915 1680 Urbanae,
934 1617 1063 1664 novem
1080 1619 1169 1690 prae·

195 1714 291 1786 toriae
321 1715 495 1802 cohortes,
524 1711 660 1784 Etrurib
688 1711 796 1785 ferme
813 1710 1034 1808 Umbridque
1057 1712 1171 1785 delec.

196 1852 257 1921 tae,
283 1853 344 1905 aut
366 1852 482 1905 vetere
496 1831 615 1920 Latio,
642 1834 676 1902 δι
706 1830 850 1904 coloniis
879 1830 1069 1928 antiquitus
1093 1835 1170 1905 Ro·

196 1951 320 2026 manis.
370 1957 421 2025 At
449 1952 543 2049 apud
563 1951 689 2023 idonea
717 1949 971 2046 provinciarum
998 1948 1098 2024 sociae
1114 1949 1172 2025 tri-

196 2097 321 2161 remes,
340 2072 486 2169 alaeque,
512 2070 691 2143 &auxilia
707 2068 921 2144 cohortium:
950 2094 1063 2166 neque
1080 2071 1172 2144 mul·

196 2188 235 2266 ti)
255 2189 351 2264 secus
368 2190 404 2262 in
422 2190 462 2262 iis
478 2189 632 2263 virium:
659 2188 717 2261 sed
735 2187 891 2284 persequi
912 2188 1082 2262 incertum
1097 2187 1172 2262 fue·

198 2309 258 2399 rit,
285 2309 368 2383 clim
386 2334 430 2381 ex
448 2308 510 2382 usu
525 2309 691 2404 temporis
713 2310 782 2381 huc
799 2307 881 2381 illue
899 2326 1066 2396 mearent,
1093 2305 1172 2403 glis·

197 2450 318 2502 cerent
339 2455 497 2519 numer0,
526 2428 766 2526 &aliquando
790 2427 1039 2501 minuerentur.

246 2552 309 2624 v1.
334 2550 576 2622 Cononurus
607 2548 814 2622 crediderim
843 2546 1012 2623 recensere
1044 2566 1172 2621 ceteras

198 2692 340 2765 quoque
367 2667 566 2763 reipublicae
596 2688 721 2764 partes,
749 2667 875 2765 quibus
892 2666 1008 2741 modis
1024 2669 1070 2741 ad
1096 2693 1175 2745 eam

199 2787 298 2858 diem
315 2786 442 2858 habitae
472 2790 558 2872 fint3
586 2788 728 2882 quando
750 2786 895 2859 Tiberio
911 2787 1035 2860 mutati
1059 2787 1096 2859 in
1112 2787 1174 2860 de-

199 2905 306 2978 terius
332 2903 545 3002 principatus
562 2904 699 2978 initium
715 2905 773 2978 ille
790 2931 900 2977 annus
917 2905 1043 2978 attulit.
1092 2909 1175 3001 Jam

200 3023 354 3122 primum
372 3022 513 3119 publica
530 3023 681 3120 negotia,
709 3029 743 3098 &
762 3023 978 3120 privatorum
1005 3025 1173 3114 maxima,

199 3144 295 3240 apud
312 3162 423 3238 patres
447 3145 706 3216 tractabantur:
733 3144 947 3241 dabaturque
966 3144 1175 3241 primoribus

197 3261 355 3334 disserere
367 3291 378 3347 ;
406 3265 440 3333 δι
457 3260 493 3332 in
509 3261 743 3335 adulationem
761 3262 884 3358 lapsos,
910 3262 1095 3337 cohibebat
1122 3264 1176 3361 ip·

162 3388 165 3392 ’
199 3379 245 3453 se.
294 3381 561 3478 Mandabatque
576 3383 740 3471 honores,
755 3381 972 3455 nobilitatem
988 3380 1174 3477 majorum,

200 3499 443 3573 claritudinem
460 3499 609 3590 militiae,
633 3499 788 3574 inlustres
804 3500 904 3573 domi
917 3519 1005 3573 artes
1022 3498 1175 3597 spectan-

200 3620 271 3708 do;
298 3639 337 3691 ut
363 3618 441 3691 satis
466 3620 648 3709 constaret,
675 3646 747 3692 non
777 3619 860 3692 alios
890 3619 1039 3716 potiores
1066 3616 1176 3692 fuisse

199 3740 270 3812 Sua
287 3737 497 3829 consulibus,
523 3738 583 3812 sua
600 3738 802 3835 praetoribus
817 3737 969 3834 species:
997 3735 1176 3812 minorum

201 3883 344 3955 quoque
359 3857 624 3955 magistratuum
645 3858 792 3931 exercita
808 3857 973 3953 potestas:
1000 3856 1175 3956 legesque,

201 3979 226 4060 {1
243 3975 420 4074 majestatis
436 3977 580 4075 quaestio
596 3976 816 4069 eximeretur,
835 3978 930 4051 bono
946 3975 983 4050 in
1000 3974 1073 4054 usu.
1091 3962 1095 3971 ⁸
1125 3981 1176 4060 At
