2986 5138
232 1028 1179 1127 BREVIARIUM

408 1356 988 1429 LIBRIPRIMI.

218 1729 253 1805 I.
276 1653 698 1803 ROMANARUM
721 1748 842 1802 rerum
860 1723 983 1829 status
1012 1721 1058 1800 ab
1089 1719 1184 1801 Urbe

219 1866 358 1947 conditd
375 1864 428 1944 ad
439 1865 600 1972 Augusti
613 1864 792 1971 exceffem.
849 1869 903 1946 V.
932 1862 1095 1946 Tiberius
1113 1868 1182 1946 im-

212 1996 528 2108 periumstescipit,
547 1995 664 2090 turdi,
684 1998 726 2074 &
746 1995 942 2103 cupidinem
958 1994 1182 2100 dfflmuluns.

219 2132 331 2208 Roma
366 2127 404 2205 in
425 2125 623 2233 servitium
659 2127 750 2207 ruit.
807 2129 920 2207 XVI.
956 2128 1185 2207 Pannonicus

220 2258 367 2364 legiones
398 2275 472 2336 tres
489 2255 619 2364 seditio
646 2256 778 2364 gravis
796 2258 937 2363 inceffit.
993 2261 1068 2352 Ea,
1093 2258 1186 2336 mio

220 2389 358 2494 Druso,
375 2383 607 2492 Iiberitfilio,
622 2417 719 2495 aegre
739 2386 970 2495 componitur.
1028 2390 1182 2469 XXXI.

219 2516 315 2597 Idem
331 2518 369 2596 in
390 2518 587 2597 Germanici
605 2517 773 2623 infferiere
790 2535 916 2612 motus,
943 2519 1007 2625 qui
1022 2519 1185 2627 consedit,

222 2676 289 2726 non
315 2649 399 2752 stne
420 2648 603 2756 sunguine
639 2649 682 2726 ξεῖ
720 2647 826 2728 ccede.
883 2651 932 2727 L.
954 2650 1187 2730 Germanicus

225 2781 348 2884 Cusur
366 2777 403 2855 in
422 2777 545 2885 hostem
563 2777 680 2857 ducit:
699 2783 807 2886 edque
824 2777 1035 2886 expeditione
1051 2783 1185 2885 Murfi,

225 2902 417 3000 Tubantes,
443 2908 630 3003 Brudieri
666 2911 818 3015 Iffipetes
834 2908 981 3012 vastati,
1012 2928 1077 2988 aut
1096 2913 1186 3016 cust.

225 3040 339 3119 LIII.
374 3039 501 3147 Julia‚
535 3039 696 3146 Augusti
707 3038 808 3144 filia,
841 3038 977 3143 Rhegii
1001 3040 1116 3120 vitam
1126 3044 1187 3147 fi-

224 3169 305 3249 niit.
363 3171 472 3249 LIV.
508 3167 648 3248 Sodales
678 3169 715 3247 in
746 3169 905 3249 honorem
938 3171 1107 3276 Augusti,
1146 3172 1190 3249 fs?

224 3299 301 3379 ludi
312 3299 528 3405 Augustales
540 3297 705 3403 instituti.
762 3301 851 3378 LV.
867 3300 1101 3378 Germanicus
1118 3301 1189 3379 ite-

225 3460 307 3509 rum
315 3429 478 3509 Rhenum
491 3429 721 3536 manumittit,
737 3429 774 3508 in
791 3432 917 3508 Cattos
930 3428 1048 3507 ducit:
1068 3458 1188 3533 agros,

223 3560 347 3651 domos,
379 3559 542 3652 homines,
576 3559 708 3665 vastat,
740 3559 832 3653 urit,
860 3557 992 3637 caedit:
1023 3559 1191 3664 Segestem

224 3691 388 3795 obstdiune
419 3688 585 3768 Arminii
606 3688 748 3771 liberat.
806 3687 864 3767 Ob
892 3688 969 3767 haec
1000 3686 1193 3795 imperator

225 3823 476 3927 conffalututus.
534 3821 646 3899 LIX.
661 3821 800 3898 Bellum
814 3817 934 3897 deinde
951 3817 989 3896 in
1003 3818 1193 3928 Cheruscos

224 3950 371 4057 gestum.
391 3951 566 4060 Reliquiae
581 3949 677 4029 Vari
692 3950 734 4028 ὃ
753 3949 903 4028 militum
920 3950 1039 4029 dedice:
1052 3954 1191 4060 stupre-

693 4080 722 4150 B
