2986 5138
418 553 719 622 Arruntium
752 551 863 622 Ltn.
896 551 923 622 1.
1097 556 1141 650 63

183 720 256 816 qub
284 720 402 792 ceteris
433 723 554 794 eadem
587 724 890 800 neceffitasfietet.
949 722 1144 795 Manebant

184 841 381 912 etiamtum
400 841 542 939 vestigia
557 840 731 913 morientis
750 839 919 912 libertatis.
945 840 1053 935 Igitur
1073 844 1138 915 Cn.

183 959 272 1049 Piso,
309 968 335 1002 “
383 962 469 1048 uo,''
507 959 629 1055 inquit,
666 960 783 1030 “loco
811 958 972 1046 censebis,
1004 959 1139 1033 Caesar?

184 1084 211 1120 “
232 1081 253 1149 si
272 1078 416 1174 primus,
434 1080 571 1150 habebo
589 1079 683 1173 quod
699 1076 842 1173 sequar:
875 1082 896 1148 st
918 1077 991 1172 post
1008 1103 1141 1168 omnes,

184 1203 212 1240 “
230 1221 350 1268 vereor
381 1222 424 1267 ne
457 1196 655 1292 imprudens
693 1195 881 1266 dissentiam
896 1198 932 1265 :'’
969 1219 1142 1290 permotus

180 1314 247 1403 his,
282 1316 480 1410 quantoque
511 1314 678 1386 incautius
706 1314 920 1401 efferbuerat,
946 1312 1142 1407 paenitentia

182 1434 325 1530 patiens,
350 1433 427 1504 tulit
444 1432 572 1506 absolvi
599 1459 694 1505 reum
720 1431 920 1504 criminibus
937 1429 1138 1528 majestatis:

181 1554 226 1623 de
243 1553 394 1647 pecuniis
411 1551 617 1648 repetundis,
640 1553 683 1623 ad
699 1550 935 1646 reciperatores
951 1548 1040 1620 itum
1061 1552 1118 1624 est.

216 1672 368 1741 LXXV.
403 1673 489 1743 Nnc
518 1695 680 1742 tarnum
714 1668 969 1765 cognitionibus
992 1667 1140 1762 satiatus,

174 1784 313 1883 judiciis
333 1790 505 1860 adsidebat
533 1789 568 1859 in
595 1815 702 1860 cornu
730 1788 920 1877 tribunalis,
946 1813 989 1860 ne
1017 1809 1141 1883 praeto-

179 1932 251 1978 rem
280 1907 388 1978 curuli
416 1909 624 2003 depelleret:
657 1908 834 2003 multaque
861 1933 902 1978 eo
926 1932 1056 1995 coram,
1080 1909 1141 1979 ad-

179 2025 293 2097 versus
319 2025 489 2097 ambitum
513 2031 545 2098 ἃ
573 2025 764 2121 potentium
791 2051 906 2120 preces
933 2024 1139 2098 constituta:

177 2140 233 2214 sed
269 2143 356 2215 dum
390 2144 523 2216 veritati
550 2143 748 2232 consulitur,
778 2144 912 2217 libertas
941 2170 1140 2241 corrumpe-

180 2263 288 2333 batur.
337 2265 430 2334 Inter
456 2289 534 2359 quae
561 2263 641 2335 Pius
672 2262 844 2351 Aurelius,
869 2261 1013 2352 senator,
1044 2261 1142 2358 ques·
1195 2286 1200 2291 ·

178 2400 236 2460 tus⁴
261 2383 393 2452 “mole
409 2381 557 2477 publicae
578 2363 658 2470 viae,
683 2382 860 2477 duetuque
887 2406 1067 2476 aquarum,
1094 2383 1141 2454 la·

181 2503 208 2538 “
227 2498 373 2571 befauas
401 2502 491 2571 ades
514 2498 626 2589 suas,'’
648 2500 814 2572 auxilium
843 2521 979 2596 patrum
1001 2500 1139 2573 invoca·

177 2619 259 2688 bat:
314 2618 535 2690 resistentibus
580 2618 687 2690 aetarii
724 2617 938 2715 praetoribus,
984 2615 1141 2692 subvenit

177 2735 298 2823 Caesar,
326 2735 545 2832 pretiumque
574 2736 701 2808 aedium
731 2735 874 2808 Aurelio
902 2735 1033 2826 tribuit,
1065 2764 1139 2809 ero-

177 2856 300 2950 gandae
328 2879 387 2949 per
412 2855 552 2927 honesta
570 2855 720 2951 pecuniae
743 2854 906 2950 cupiens:
936 2880 1042 2950 quam
1071 2856 1138 2928 vir-

178 2989 288 3042 tutem
305 2971 365 3043 diu
383 2971 535 3062 retinuit,
562 2974 641 3045 cum
655 2994 781 3046 ceteras
795 2993 944 3045 exueret.
994 2975 1140 3069 Proper-

177 3086 227 3159 tio
244 3089 354 3161 Celeri
372 3090 544 3185 praetorio,
574 3092 711 3164 veniam
728 3091 856 3164 ordinis
884 3095 930 3165 ob
959 3113 1139 3188 pauperta-

175 3227 246 3280 tem
275 3206 417 3303 petenti,
440 3208 551 3280 decies
574 3208 761 3282 sestertium
794 3211 933 3308 largitus
962 3211 1024 3298 est,
1065 3210 1140 3283 satis

176 3347 373 3421 comperto,
403 3345 556 3423 paternas
583 3327 614 3400 ei
647 3328 818 3426 angustias
846 3332 933 3400 effe:
966 3349 1140 3421 'tentantes

174 3447 296 3517 eadem
319 3445 416 3533 alios,
444 3448 589 3541 probare
617 3445 752 3522 causam
780 3446 906 3519 senatui
929 3444 1045 3541 jussit3
1080 3472 1139 3517 cu-

176 3564 291 3659 pidine
305 3562 501 3652 severitatis,
527 3565 563 3637 in
589 3565 642 3637 his
668 3565 784 3654 etiam,
813 3591 890 3661 quae
917 3562 979 3634 rite
1001 3561 1138 3652 faceret,

173 3685 338 3755 acerbus:
373 3684 466 3754 unde
499 3683 602 3756 ceteri
632 3684 799 3756 silentium
834 3687 866 3753 δι
902 3702 1138 3779 paupertatem

172 3799 430 3884 confessioni&
459 3801 628 3875 beneficio
657 3801 883 3901 praeposuere.
