2986 5138
447 571 758 642 Anunmuu
784 564 985 639 L1n.111.
1138 570 1203 665 183

238 741 365 814 bantur
381 743 511 838 templa
527 740 674 838 pessimis
694 739 931 813 servitiorum:
959 739 1084 813 eodem
1100 737 1205 815 subsr-

236 860 296 932 dio
314 861 453 934 obaerati
470 861 654 933 adversum
671 859 871 949 creditores,
888 857 1100 957 suspectique
1112 861 1205 957 capi-

235 981 356 1053 talium
374 980 561 1054 criminum
580 981 855 1076 receptabantur.
904 981 983 1051 Nec
1000 980 1113 1052 ullum
1131 978 1206 1054 satis

235 1099 391 1172 validum
409 1098 594 1195 imperium
607 1118 678 1171 erat
691 1096 891 1170 codrcendis
908 1096 1130 1171 seditionibus
1143 1125 1205 1196 po-

236 1220 323 1316 puli,
361 1218 494 1316 flagitia
525 1216 723 1307 hominum,
760 1237 799 1289 ut
832 1216 1046 1290 caerimonias
1082 1218 1205 1310 dedm,

237 1337 461 1435 protegentis.
509 1335 620 1434 lgitur
648 1337 830 1433 placitum,
856 1356 896 1408 ut
925 1335 1098 1410 mitterent
1121 1338 1206 1419 civi-

235 1475 323 1530 tates
332 1456 427 1554 jura,
453 1477 555 1553 atque
572 1457 717 1554 legatos.
769 1452 815 1528 Et
828 1456 1004 1552 quaedam‚
1031 1458 1127 1553 quod
1142 1456 1207 1530 sal·

236 1576 275 1649 so
293 1568 550 1673 usurpaverant,
577 1573 697 1672 sponte
716 1574 881 1648 omisere:
915 1578 1035 1650 multae
1065 1577 1208 1653 vetustis

235 1692 543 1792 superstitionibus,
569 1713 628 1767 aut
653 1693 784 1767 meritis
810 1694 843 1765 in
874 1696 1044 1791 populum
1072 1700 1206 1771 Roma·

237 1833 323 1888 num
347 1815 514 1887 fidebant.
564 1812 769 1912 Magnaque
794 1811 865 1909 ejus
888 1814 956 1886 diei
982 1813 1109 1911 species
1126 1815 1205 1908 fuit,

237 1954 311 2031 quo
327 1928 459 2007 senatus
485 1931 655 2032 majorum
683 1932 864 2021 beneficia,
891 1932 1060 2006 sociorum
1093 1938 1205 2031 pacta,

236 2076 363 2151 regum
380 2051 499 2142 etiam,
527 2051 678 2149 quiante
695 2051 768 2123 vim
793 2055 994 2125 Romanam
1011 2055 1205 2146 valuerant,

235 2173 386 2262 decreta,
413 2171 635 2269 ipsorumque
664 2170 849 2243 numinum
877 2171 1060 2268 religiones
1087 2174 1207 2248 intros-

237 2290 356 2389 pexit3
383 2291 507 2381 libere,
533 2311 572 2362 ut
596 2290 790 2389 quondam,
818 2288 904 2386 quid
926 2290 1077 2364 firmaret
1094 2315 1216 2368 muta·-

238 2429 344 2486 retve.

278 2530 378 2604 LXI.
403 2531 528 2602 Parin
559 2528 720 2602 omnium
750 2526 887 2624 Ephesii
916 2527 1046 2618 adisre,
1073 2549 1207 2603 memo·

236 2669 375 2723 rantes:
404 2656 432 2691 “
451 2651 549 2737 Non,
575 2669 614 2721 ut
636 2649 764 2745 vulgus
786 2648 953 2739 crederet,
980 2647 1132 2721 Dianam
1155 2669 1207 2722 at·

237 2777 266 2813 “
285 2794 353 2865 que
367 2768 569 2864 Apollinem
582 2770 673 2840 Delo
691 2767 849 2866 genitos:
876 2769 943 2840 effe
959 2769 1052 2864 apud
1069 2766 1102 2840 se
1114 2769 1206 2841 Cen-

242 2895 269 2931 “
287 2885 422 2961 chrium
455 2910 608 2976 amnem,
635 2888 754 2961 lucum
778 2886 978 2983 Ortygiam,
1004 2886 1066 2959 ubi
1094 2889 1204 2960 Lato-

237 3014 265 3051 “
283 3026 379 3097 nam,
407 3026 507 3103 partu
533 3006 728 3105 gravidam,
748 3011 781 3079 &
796 3008 895 3095 oleae,
914 3031 992 3103 quae
1010 3025 1086 3078 tum
1104 3006 1207 3083 etiam

239 3133 268 3171 “
288 3147 438 3215 maneat,
456 3123 622 3217 adnisam,
639 3124 780 3200 edidisse
792 3151 832 3200 ea
848 3124 1014 3198 numina:
1042 3128 1205 3199 deorum-

238 3254 266 3292 “
286 3271 355 3345 que
372 3246 511 3319 monitu
528 3246 693 3321 sacratum
712 3267 846 3320 nemus.
898 3251 1017 3343 Atque
1033 3244 1144 3341 ipsum
1165 3245 1206 3319 il-

238 3373 265 3409 “
285 3366 329 3440 lic
348 3366 565 3464 Apollinem,
584 3367 658 3464 post
680 3364 872 3439 interfestos
897 3366 1085 3460 Cyclopas,
1102 3364 1203 3459 Jovis

193 3524 195 3529 ·
238 3487 371 3558 “iram
404 3486 568 3559 vitavisse.
619 3491 711 3561 Mox
744 3484 916 3558 Liberum
948 3502 1081 3578 patrem
1114 3484 1207 3556 bello

238 3611 265 3647 ‘⁶
285 3605 467 3695 victorem,
492 3605 703 3702 supplicibus
735 3604 975 3693 Amazonum,
1003 3626 1081 3699 qute
1108 3609 1207 3675 'aram

237 3730 265 3767 “
284 3721 487 3816 insederant,
515 3725 693 3822 ignovisse.
746 3727 899 3797 Audam
921 3722 1017 3810 hinc,
1045 3723 1206 3794 concessu

238 3851 264 3891 ‘⁶
283 3843 465 3934 Herculis,
505 3845 588 3917 ciam
616 3844 732 3942 Lydia
754 3844 934 3940 potiretur,
970 3838 1205 3918 carimoniam

705 3964 784 4056 Νι
