2986 5138
422 558 728 630 nisinun
755 555 952 638 Lislll.
1148 586 1216 660 253

256 749 388 827 perent.
436 731 546 828 Igitur
573 733 718 806 Latiaris
738 731 852 831 jacere
884 732 1041 806 fortuitos
1068 733 1221 829 primum

254 848 454 922 sermones:
500 875 587 923 mox
619 852 756 924 laudare
786 852 1026 940 constantiam,
1075 859 1102 894 “
1125 850 1223 948 quod

256 974 283 1009 “
302 992 388 1057 non,
415 980 455 1040 ut
484 970 600 1060 ceteri,
624 971 776 1042 florentis
793 972 922 1043 dumbs
939 969 1084 1060 amicus,
1102 970 1221 1043 adflic-

257 1093 286 1128 “
304 1108 376 1159 tam
397 1085 589 1160 deseruisset
605 1090 641 1159 :''
675 1091 772 1160 fimul
789 1091 920 1161 honora
935 1090 979 1162 de
997 1088 1223 1177 Germanico,

257 1205 490 1303 Agrippinam
520 1204 692 1295 miserans,
726 1207 917 1280 disserebat.
968 1212 1015 1280 Et
1042 1208 1225 1305 postquam

257 1327 415 1415 Sabinus,
437 1344 475 1397 ut
503 1324 579 1396 sunt
603 1328 724 1399 molles
749 1328 786 1398 in
814 1326 1006 1400 calamitate
1024 1327 1225 1400 mortalium

258 1443 378 1533 animi,
396 1443 518 1517 effudit
533 1443 702 1535 lacrimas,
725 1443 844 1541 junxit
864 1446 1021 1544 qnestus3
1046 1445 1226 1519 audentius

249 1559 326 1659 jam
355 1584 473 1636 onerat
495 1562 668 1661 Sejanum,
702 1564 880 1654 saevitiam,
913 1565 1121 1662 superbiam,
1151 1562 1227 1661 spes

259 1679 352 1778 ejus:
379 1707 422 1754 ne
452 1682 488 1754 in
513 1681 696 1756 Tiberium
726 1683 870 1779 quidem
893 1683 1053 1756 convicio
1070 1682 1226 1756 abstinet.

259 1800 357 1897 lique
374 1799 558 1891 sermones,
586 1822 765 1898 tamquam
781 1801 888 1875 vetita
904 1802 1123 1891 miscuissent,
1153 1801 1227 1899 spe-

259 1919 349 1993 ciem
365 1921 465 1992 arslae
484 1920 642 1993 amicitiae
659 1919 779 1993 facere.
830 1926 885 1992 Ac
909 1919 984 2017 jam
1013 1922 1103 1993 ultro
1129 1921 1227 1994 Sabi·

260 2063 323 2111 nus
336 2063 487 2135 quaerere
499 2039 690 2128 Latiarem,
721 2038 888 2111 ventitare
905 2042 1068 2130 domum,
1092 2040 1227 2113 dolores

258 2156 350 2246 suos,
378 2160 471 2253 quast
497 2158 541 2229 ad
558 2157 771 2247 fidissimum,
797 2156 939 2230 deferre.

308 2278 445 2348 LXIX.
463 2277 732 2350 Cousunrnur
747 2303 835 2373 quos
852 2278 1059 2369 memoravi,
1074 2303 1229 2375 quonam

261 2396 367 2468 modo
384 2421 425 2466 ea
441 2395 594 2492 plurium
611 2396 732 2468 auditu
748 2395 1005 2492 acciperentur:
1029 2423 1110 2469 nam
1136 2399 1228 2487 loco,

260 2514 418 2611 inquens
440 2515 609 2604 coibatur,
644 2513 809 2587 servanda
835 2513 1024 2587 solitudinis
1037 2514 1165 2602 facies3
1193 2523 1228 2589 δι

261 2637 284 2706 si
303 2658 395 2730 pone
411 2633 500 2706 sores
516 2634 722 2723 adsisterent,
747 2653 858 2705 metus
877 2633 983 2722 visits,
1006 2632 1146 2725 sonitts,
1171 2655 1230 2708 aut

260 2751 349 2823 sorte
377 2770 460 2824 ortae
479 2750 676 2848 suspicionis
693 2771 776 2824 erat.
825 2753 978 2825 Tedium
1000 2753 1088 2826 inter
1112 2758 1145 2827 δι
1180 2756 1230 2828 la-

263 2869 414 2967 quearia,
443 2889 508 2943 tres
532 2869 716 2958 senatores,
734 2871 825 2942 haud
844 2871 958 2943 minbs
975 2872 1069 2969 turpi
1086 2874 1228 2962 latebrd,

263 2989 371 3085 quam
397 2988 594 3060 detestanda
616 2987 749 3077 fraude,
783 2987 849 3060 sese
877 2989 1106 3076 abstrudunt;
1139 2989 1231 3064 sora-

262 3107 473 3180 minibus&
502 3106 598 3179 rimis
620 3130 737 3181 aurem
754 3111 955 3181 admovent.
1004 3109 1138 3182 Interea
1159 3112 1230 3182 La-

262 3226 355 3298 tiaris
385 3245 560 3322 repertum
577 3226 613 3297 in
631 3226 773 3323 publico
788 3225 969 3314 Sabinum,
993 3228 1087 3299 velut
1115 3229 1231 3302 recens

264 3344 407 3441 cognita
423 3364 632 3434 narraturus,
667 3346 814 3418 domum
832 3350 865 3418 ἃ
883 3344 920 3416 in
937 3344 1139 3418 cubiculum
1163 3367 1232 3420 tra-

264 3464 338 3537 hit:
369 3464 606 3561 praeteritaque
623 3469 656 3537 δι
674 3464 843 3552 instantia,
862 3489 1011 3561 quorum
1024 3463 1155 3536 affatim
1172 3491 1232 3539 co-

266 3583 336 3681 pia,
361 3609 401 3655 ac
429 3608 540 3655 novos
556 3603 698 3656 terrores
716 3585 880 3656 cumulat.
932 3583 1068 3654 Eadem
1094 3581 1165 3672 ille,
1197 3591 1231 3659 δι

264 3702 415 3787 diutibs3
439 3701 570 3799 quantb
596 3701 727 3790 maesta,
751 3700 812 3774 ubi
828 3699 931 3773 semel
949 3702 1146 3797 prorupdre,
1164 3701 1233 3776 dif-

266 3821 390 3893 ficilius
407 3821 601 3894 reticentur.
651 3822 838 3916 Properata
852 3819 933 3892 inde
950 3818 1132 3909 accusatio,
1152 3821 1233 3895 mis·

266 3937 373 4037 sisque
390 3940 435 4013 ad
451 3938 618 4015 Caesarem
634 3938 751 4031 literis,
781 3938 938 4013 ordinem
956 3935 1099 4031 fraudis,
1117 3937 1232 4016 suum-
