2986 5138
491 529 1000 602 Annns1unL1n.1.
1176 553 1220 626 23

256 697 464 796 perferendis
490 698 638 771 militum
656 697 822 771 mandatis
850 699 1040 770 habebatur
1065 696 1221 787 idoneus,

255 820 303 891 ob
320 839 520 913 promptum
552 817 742 913 ingenium.
790 818 886 915 Quin
903 816 980 912 ipsae
1011 816 1097 889 inter
1113 815 1145 889 se
1173 818 1221 887 le·

258 937 376 1034 giones
393 938 513 1008 octava
546 942 579 1009 &
597 937 860 1034 quintadecuma
890 932 1018 1007 ferrum
1035 937 1221 1030 parabant:

255 1057 340 1128 dum
357 1055 592 1128 centurionem
609 1076 843 1153 cognomento
857 1054 1039 1149 Sirpicum,
1058 1054 1115 1125 illa
1131 1080 1223 1126 mor-

256 1175 281 1247 ti
298 1172 461 1270 deposcit,
479 1174 780 1271 quintadecumani
808 1194 968 1245 tuentur:
988 1173 1023 1244 ni
1047 1171 1144 1244 miles
1161 1199 1223 1244 no-

256 1319 364 1364 nanus
382 1319 509 1389 preces,
538 1299 570 1365 &
589 1292 770 1367 adverstun
786 1290 1013 1389 aspernantes,
1047 1289 1156 1363 minas
1172 1291 1223 1362 in-

255 1410 439 1508 terjecillet.

306 1534 439 1604 XXIV.
472 1534 573 1606 HAEc
594 1558 764 1622 numm,
794 1556 1005 1629 quamquam
1021 1529 1224 1622 abstrusum,

258 1654 292 1721 δι
304 1650 484 1723 tristissima
501 1658 647 1749 quaeque
664 1652 815 1723 maxime
844 1653 1071 1724 occultantem
1088 1652 1225 1725 Tiberi-

254 1795 315 1841 um
345 1772 536 1866 perpulere,
565 1792 602 1843 ut
618 1768 769 1843 Drusum
787 1771 897 1843 filium
923 1796 1003 1842 cum
1021 1770 1226 1866 primoribus

256 1888 411 1976 civitatis,
440 1888 639 1987 duabusque
656 1889 819 1985 praetoriis
836 1888 1039 1962 cohortibus<
1063 1890 1226 1983 mitteret,

139 2098 142 2105 Ι
257 2008 357 2080 nullis
385 2007 459 2080 satis
497 2009 595 2080 certis
624 2008 816 2080 mandatis:
852 2033 895 2080 ex
923 2033 957 2079 re
982 2005 1227 2082 consulturum.

259 2127 303 2198 Et
319 2126 473 2199 cohortes
505 2128 639 2199 delesto
656 2127 763 2199 milite
780 2125 878 2223 supra
908 2125 1045 2199 solitum
1072 2129 1227 2201 sirmatae.

259 2246 408 2319 Additur
424 2272 553 2343 magna
578 2273 652 2343 pars
671 2246 862 2342 praetoriani
890 2246 1077 2342 equitis,&
1104 2248 1229 2320 robora
1256 2236 1259 2240 i

258 2367 527 2453 Germanorum,
557 2365 617 2461 qui
644 2386 720 2439 tum
744 2364 899 2437 custodes
926 2364 1120 2461 imperatori
1146 2367 1227 2437 ade-

258 2505 353 2557 rant:
375 2485 470 2555 srmul
489 2484 635 2580 praetorii
654 2484 830 2580 praefedlus
845 2485 959 2559 AElius
975 2483 1125 2581 Sejanus,
1156 2487 1226 2557 col-

258 2605 336 2701 lega
360 2603 517 2675 Straboni
535 2604 620 2699 patri
636 2601 695 2676 suo
711 2604 823 2693 datus,
853 2605 980 2699 magud
996 2605 1088 2699 apud
1119 2604 1227 2677 Tibe·

259 2721 348 2794 rium
364 2722 574 2812 austoritate,
605 2725 715 2795 reflor
724 2722 858 2820 juveni,
890 2729 922 2796 &
950 2724 1067 2796 ceteris
1097 2724 1227 2819 pericu-

139 2830 150 2854 ⁶
259 2842 371 2914 lorum
405 2841 694 2938 praemiorumque
726 2841 918 2914 ostentator.
948 2840 1060 2915 Dnrso
1090 2844 1228 2938 propin-

257 2960 387 3058 quanti,
417 2964 508 3058 quafi
527 2987 586 3057 per
611 2961 763 3033 officium
790 2961 902 3034 obviae
928 2959 1022 3034 fuere
1050 2962 1227 3059 legiones:

259 3105 328 3151 non
356 3081 454 3167 laetae,
481 3100 519 3151 ut
547 3078 689 3168 adsolet,
715 3105 827 3177 neque
843 3080 1028 3179 insignibus
1046 3079 1228 3178 fulgentes,

259 3198 317 3272 sed
345 3198 473 3271 inluvie
489 3199 650 3288 deformi,
681 3204 713 3271 &
731 3202 844 3289 vultu,
879 3225 1096 3297 quamquam·
1109 3200 1229 3273 maesti-

258 3317 341 3390 tiam
358 3318 583 3406 imitarentur,
609 3318 834 3391 contumaciae
852 3317 1037 3413 propiores.

309 3439 425 3510 XXV.
454 3440 673 3524 PoerJnM
702 3440 833 3509 vallum
860 3436 1012 3521 introiit3
1032 3455 1144 3530 portas
1168 3428 1217 3508 sts

259 3555 409 3629 tionibus
425 3557 576 3645 firmant,
612 3558 735 3654 globos
762 3575 971 3628 armatorum
997 3553 1094 3626 certis
1111 3554 1232 3627 castro·

261 3701 337 3748 rum
366 3673 450 3747 locis
466 3674 615 3771 opperiri
640 3673 786 3772 jubent:
806 3673 909 3747 ceteri
925 3672 1073 3746 tribunal
1102 3674 1235 3772 ingenti

261 3793 400 3890 agmine
427 3793 710 3867 circumveniunt.
760 3795 877 3867 Stabat
909 3790 1039 3867 Drusus
1067 3794 1234 3867 filentium

262 3936 367 3987 manu
384 3909 536 4010 poscens.
584 3912 639 3986 llli
665 3911 822 4009 quotiens
839 3914 957 3987 oculos
973 3914 1017 3987 ad
1044 3913 1233 3987 multitudi-

694 4031 724 4102 C
748 4057 773 4123 4
