2986 5138
334 559 404 629 282
551 551 1131 626 C.ConurrrrTnc1r1

335 731 363 765 “
381 722 509 820 scripti,
539 723 701 796 ultimum
719 723 827 820 Sejani
844 725 951 815 diem,
975 723 1033 798 sed
1049 723 1226 800 sexdecim
1251 748 1321 803 an-

334 849 443 915 “nos
472 844 728 941 cogitaveritis3
764 842 867 916 etiarn
893 845 1040 917 Satrium
1071 866 1176 942 atque
1205 848 1321 920 Pom·

334 964 527 1060 “ponium
551 965 822 1036 venerabamur:
850 963 979 1037 libertis
997 991 1137 1061 quoque
1160 991 1201 1039 ac
1219 965 1320 1062 jani·

336 1089 365 1126 “
385 1083 515 1155 toribus
541 1082 612 1179 ejus
640 1081 829 1172 notescere,
859 1109 921 1180 pro
949 1085 1137 1181 magnifico
1164 1086 1320 1183 accipie·

335 1211 361 1270 t‘
381 1207 491 1275 batur.
541 1200 640 1295 Qid
664 1206 771 1298 ergo?
799 1202 994 1275 indistincta
1014 1205 1088 1275 haee
1106 1201 1260 1276 desenfio
1280 1210 1317 1280 δι

334 1329 362 1365 “
381 1319 570 1419 promiscua
596 1319 754 1393 dabitur?
784 1321 895 1394 immo
912 1321 1012 1418 justis
1034 1322 1189 1395 terminis
1219 1323 1318 1396 divi·

300 1495 304 1502 1
335 1449 363 1483 “
381 1443 493 1514 datur.
542 1441 674 1513 lnsrdiae
693 1441 727 1513 in
751 1442 1017 1538 rempublicam,
1043 1442 1182 1514 consilia
1204 1443 1316 1516 caedir

334 1566 361 1602 “
381 1560 564 1632 adversum
591 1563 853 1657 Imperatorem,
884 1561 1088 1659 puniantur:
1116 1563 1160 1634 de
1190 1563 1315 1635 amici-

335 1686 362 1722 “
380 1680 425 1752 tib
451 1685 484 1752 ἃ
511 1681 647 1771 officiis,
679 1682 774 1754 idem
800 1681 877 1754 finis
896 1686 929 1754 ὅτ
952 1702 999 1770 te,
1025 1679 1148 1770 Caesar,
1183 1662 1216 1752 lle
1248 1708 1316 1757 nos

335 1806 367 1852 -“
385 1799 608 1873 absolverit.''

381 1921 447 1993 lx.
473 1920 735 1995 Cousrnnrrn
774 1920 950 2009 orationis,
985 1925 1018 1993 &
1045 1921 1126 2017 quia
1155 1942 1316 2018 repertus

332 2059 416 2131 erat,
442 2039 502 2137 qui
518 2040 663 2130 efferret,
687 2065 764 2137 quae
783 2066 904 2114 omnes
920 2039 1037 2112 animo
1052 2040 1245 2138 agitabant,
1270 2041 1315 2114 eb

331 2158 438 2258 usque
467 2163 621 2257 potudre,
647 2180 685 2231 ut
713 2158 922 2250 accusatores
954 2157 1040 2254 ejus,
1070 2159 1197 2234 additis
1229 2186 1315 2256 quae
1356 2154 1362 2162 ’

331 2280 411 2352 ante
430 2280 656 2376 deliquerant,
686 2279 818 2368 exfilio,
848 2300 906 2352 aut
935 2300 1043 2363 morte
1069 2281 1314 2354 multarentur.

332 2401 464 2472 Secutae
502 2399 628 2471 dehinc
655 2399 787 2472 Tiberii
814 2399 920 2471 literae
953 2398 990 2470 in
1017 2401 1096 2471 Sex.
1126 2398 1313 2474 Vestilium

332 2518 545 2614 praetorium,
574 2543 694 2615 quem,
720 2519 834 2590 Druso
858 2517 951 2591 fratri
969 2544 1164 2614 percarum,
1194 2519 1232 2590 in
1250 2545 1313 2592 co·

331 2640 469 2710 hortem
492 2635 586 2709 suam
604 2637 832 2710 transtulerat.
881 2637 990 2712 Causa
1007 2639 1200 2711 offenfionis
1223 2637 1310 2711 Ves-

331 2757 403 2828 tilio
429 2755 508 2845 suit,
540 2755 596 2828 seu
622 2757 857 2854 composuerat
886 2761 1047 2854 quaedam
1072 2759 1108 2829 in
1135 2761 1177 2830 C.
1197 2760 1311 2833 Caesa-

331 2903 418 2965 rem,
436 2897 475 2948 ut
494 2877 726 2974 impudicum,
747 2882 813 2950 srve
827 2881 908 2950 siclo
928 2879 1045 2950 habita
1063 2880 1172 2950 srdes:
1201 2898 1311 2975 atque

331 3001 378 3070 ob
410 2998 446 3068 id
475 2997 637 3070 convit‘lu
667 2998 836 3093 Principis
862 2998 1069 3093 prohibitus,
1102 3000 1182 3070 cum
1211 2996 1310 3070 senili
1355 3040 1357 3043 ·

330 3144 436 3190 manu
460 3117 588 3190 serrum
607 3118 811 3205 tentavisset,
842 3118 1012 3215 obligavit
1031 3144 1157 3189 venas:
1187 3144 1308 3213 preca·

330 3236 452 3334 rusque
497 3264 557 3334 per
597 3237 786 3324 codicillos,
824 3237 951 3309 immiti
983 3235 1158 3333 rescripto,
1200 3263 1310 3310 venas

330 3356 477 3429 resolvit.
528 3357 728 3428 Acervatim
757 3384 800 3428 ex
830 3383 871 3428 eo
901 3359 1036 3430 Annius
1065 3357 1190 3446 Pollio,
1227 3362 1308 3453 Ap-

330 3477 407 3572 pius
434 3479 578 3565 Silanun,
609 3480 732 3548 Scauro
763 3480 946 3549 Mamerco
973 3480 1084 3567 simul,
1112 3504 1150 3549 ac
1178 3477 1311 3550 Sabino

328 3597 490 3686 Calvism,
535 3596 713 3694 majestatis
757 3596 979 3691 postulantur,
1031 3602 1062 3668 δι
1105 3597 1308 3669 Vinicianus

329 3718 479 3789 Pollioni
497 3717 581 3813 patri
604 3715 839 3813 adjiciebatur,
867 3717 947 3788 clari
965 3743 1086 3813 genus,
1108 3718 1305 3813 &quidam

328 3835 468 3907 summis
511 3837 725 3908 honoribus:
768 3857 1115 3934 contremuerantque
1156 3858 1303 3932 patres:

330 3981 410 4027 nam
442 3953 708 4052 quotusquisque
741 3955 938 4045 adfinitatis,
980 3977 1037 4028 aut
1065 3955 1222 4029 amicitiae
1253 3974 1307 4028 tot
