2986 5138
415 582 706 654 Annalium
749 581 857 652 ers.
897 577 959 653 IV.
1099 602 1166 680 233

206 750 235 796 ‘¹
252 754 342 845 tas,''
366 753 456 826 testis
487 755 665 844 AEmilius,
692 780 711 827 e
738 753 939 827 militaribus
962 751 1055 843 viris,
1080 755 1169 828 dom

205 873 317 946 studio
334 874 503 969 probandi
526 876 651 947 cunda
673 871 788 963 refert,
816 877 848 945 δι
880 897 1092 969 quamquam
1117 873 1169 945 in-

205 1010 258 1064 ter
273 992 505 1088 obstrepentes
531 995 658 1090 magna
678 991 931 1065 adseveratione
952 991 1084 1081 nititur,
1110 1018 1170 1064 au·

204 1109 294 1182 divit
309 1111 470 1185 Tiberius
494 1115 632 1210 probra,
659 1113 736 1208 quis
764 1137 824 1207 pet
844 1112 1019 1183 oecultum
1044 1111 1168 1183 lacera-

205 1232 323 1303 batur:
351 1232 507 1327 adeoque
529 1228 699 1326 perculsus
721 1230 783 1319 est,
810 1250 848 1302 ut
867 1237 892 1270 “
910 1228 942 1301 se
966 1231 1023 1302 vel
1040 1229 1168 1321 statim,

206 1353 234 1391 “
251 1352 308 1422 ¹vel
324 1350 360 1421 in
373 1351 569 1448 cognitione
587 1349 839 1447 purgaturum'’
856 1348 1064 1434 clamitaret;
1092 1376 1169 1446 pre-

203 1467 369 1566 cibusque
387 1469 643 1565 proximorum,
669 1468 865 1540 adulatione
882 1467 1055 1559 omniurn,
1081 1495 1170 1566 agre
1205 1480 1211 1493 “

204 1609 430 1684 componeret
446 1588 614 1661 animum.
665 1591 710 1660 Et
735 1587 902 1660 Votienus
925 1587 1068 1683 quidem
1095 1615 1168 1662 ma-

198 1704 328 1804 jestatis
350 1706 462 1804 poenis
491 1705 644 1780 adfedus
668 1707 728 1779 est.
777 1704 888 1778 Caesar
910 1703 1081 1802 objectam
1109 1710 1170 1784 fibi

202 1827 367 1899 adversus
388 1852 463 1899 reos
499 1826 754 1899 inclementiam
783 1825 825 1897 ed
855 1825 1065 1921 pervicacius
1095 1854 1169 1901 am·

203 1947 341 2042 plexus,
367 1945 560 2043 Aquiliam,
585 1944 740 2018 adulterii
763 1945 926 2034 delatam,
952 1970 1035 2018 cum
1067 1948 1172 2022 Vario

201 2065 349 2163 Ligure,
375 2090 588 2162 quamquam
615 2064 786 2136 Lentulus
813 2064 1020 2155 Gaetulieus,
1052 2067 1168 2141 consul

199 2185 411 2282 designatus,
438 2186 515 2281 lege
531 2183 623 2279 Julit
643 2184 846 2271 damnasset,
872 2183 990 2255 exsilio
1007 2188 1165 2281 punivit:

201 2303 443 2402 Apidiumque
468 2304 658 2390 Merulam,
686 2308 713 2342 “
732 2300 826 2397 quod
853 2300 897 2372 in·
910 2305 986 2375 aeta
1000 2304 1074 2377 divi
1092 2312 1167 2381 Au·

194 2431 229 2485 .“
249 2422 340 2521 gusti
356 2448 425 2495 non
433 2419 649 2519 juraverat,''
673 2423 754 2494 albo
770 2419 934 2494 senatorio
955 2427 1061 2495 erasit.

247 2543 380 2614 XLIII.
407 2546 580 2614 Aumrrn
607 2539 733 2614 dehinc
760 2541 1110 2617 Lacedaemoniorum
1132 2549 1167 2618 δε

199 2659 449 2734 Messeniorum
484 2660 694 2757 legationes:
719 2657 867 2756 dejure
895 2661 1016 2757 templi
1044 2662 1166 2738 Dianae

198 2777 421 2867 Lirnnatidis,
448 2786 475 2820 “
494 2779 591 2875 quod
610 2777 676 2850 suis
707 2804 728 2849 a
756 2777 953 2876 majoribus,
978 2779 1105 2878 suaque
1128 2783 1166 2855 in

200 2905 228 2940 “
246 2900 331 2971 terrai
347 2896 543 2987 dicatum,''
567 2897 826 2969 Lacedaemonii
851 2899 1034 2971 firmabant
1059 2926 1165 2974 anna·

198 3017 284 3089 lium
300 3016 478 3105 memorii,
505 3036 696 3112 vatumque
713 3016 939 3091 carminibus:
968 3017 1065 3089 “sed
1082 3021 1164 3091 Ma-

198 3144 226 3178 “
243 3135 382 3209 cedonis
408 3135 574 3232 Philippi,
600 3161 682 3209 curn
700 3162 771 3233 quo
793 3138 982 3226 bellafl'ent,
1008 3137 1111 3209 armis
1127 3165 1164 3212 a·

197 3262 225 3297 “
242 3257 441 3351 dempturn,
472 3281 511 3328 ac
536 3254 612 3351 post
640 3258 681 3328 C.
709 3252 846 3328 Caesaris
873 3260 906 3328 &
932 3258 988 3327 M.
1017 3258 1164 3332 Antonii

150 3440 152 3451 .
195 3381 224 3417 “
242 3373 404 3446 sententia
432 3374 640 3446 redditum.''
689 3375 817 3446 Contra
845 3373 1019 3464 Messenii,
1055 3383 1082 3417 “
1101 3401 1162 3449 ve·

196 3501 224 3536 “
242 3513 349 3565 terem
373 3493 461 3564 inter
478 3492 643 3566 Herculis
662 3492 812 3589 posteros
839 3492 1041 3564 divisionem
1061 3495 1182 3567 Pelo-'

194 3619 223 3655 “
242 3612 406 3708 ponnesr’'
423 3613 608 3708 protuldre,
636 3618 663 3653 “
677 3610 805 3709 suoque
821 3611 893 3709 regi
905 3611 1161 3687 Dentheliatem

195 3739 222 3774 “
239 3746 379 3829 agrum,
405 3730 442 3802 in
468 3756 539 3826 quo
567 3730 603 3802 id
629 3731 830 3819 delubrum,
866 3732 1012 3802 cessisse:
1045 3733 1159 3805 moni·

194 3857 222 3893 “
240 3870 425 3947 mentaque
450 3847 521 3946 ejus
547 3848 593 3920 rei
620 3848 750 3945 sculpta
777 3849 876 3937 saxis,
903 3850 936 3919 &
960 3873 1024 3921 aere
1047 3848 1159 3944 prisco

194 3974 222 4010 “
238 3972 388 4043 manere.
437 3968 544 4067 Quid
572 3972 755 4060 srvatum,
792 3965 966 4043 annalium
994 3968 1039 4042 ad
1066 3969 1159 4043 testi·
