2986 5138
324 576 366 633 10
533 556 1113 633 C.Con'nnn11Tncrr1

317 729 495 828 plerosque
521 730 645 804 invisos
662 732 736 821 fibi,
763 729 821 803 sed
842 729 1007 827 jactantia
1032 732 1209 832 gloriaque
1239 738 1284 811 ad

317 851 475 947 posteros.
524 854 659 948 Legata
674 877 745 923 non
761 851 848 922 ultra
863 849 1003 922 civilem
1031 853 1190 944 modum,
1224 857 1285 930 nifi

316 969 412 1066 quod
450 971 580 1066 populo
615 974 648 1041 lc
684 971 776 1066 plebi
809 978 1010 1058 c‘ceeffffir,
1054 973 1285 1067 praetoriatum

316 1087 509 1162 cohortium
525 1088 691 1161 militibus
717 1092 847 1187 singula
867 1092 1051 1173 nummum
1078 1090 1200 1181 millia,
1236 1095 1284 1166 lc-

317 1207 476 1305 gionariis
492 1228 595 1305 atque
607 1208 804 1281 cohortibus
816 1209 945 1281 civium
960 1213 1199 1283 Romanonrm
1215 1231 1281 1285 tre-

314 1351 417 1399 cenos
449 1352 610 1399 nummos
636 1326 763 1398 viritim
790 1326 895 1399 dedit.
944 1329 1040 1400 Tum
1054 1329 1283 1405 consultatum

313 1447 358 1518 de
374 1446 571 1533 honoribuS,
590 1471 633 1518 ex
651 1447 728 1541 quis
744 1445 898 1517 maxime
920 1446 1066 1544 insignes
1089 1448 1172 1520 vifi:
1203 1455 1230 1491 “
1244 1469 1282 1523 ut

316 1572 344 1608 “
363 1569 458 1662 portal
474 1564 671 1661 triumphali
683 1566 862 1637 duceretur
873 1563 1015 1655 funus,''
1034 1568 1155 1639 Gallus
1168 1569 1282 1640 Asini-

314 1711 379 1768 us;
416 1691 444 1725 “
461 1703 500 1755 ut
531 1684 650 1780 legum
676 1685 818 1756 latarum
846 1683 951 1773 tituli,
975 1685 1142 1758 viduum
1171 1689 1283 1759 abeo

316 1802 518 1900 “gentium
545 1804 713 1875 vocabula
738 1800 1018 1892 anteferrentur,”
1039 1804 1084 1875 L.
1099 1803 1280 1878 Arruntius

314 1922 482 1996 censuere.
532 1924 695 1995 Addebat
722 1924 867 1995 Meffala
890 1923 1043 1996 Valerius
1066 1930 1094 1965 “
1113 1949 1280 1997 renovan-

313 2050 341 2085 “
358 2044 443 2116 dum
461 2067 520 2138 per
531 2067 639 2113 annos
654 2039 901 2114 sacramentum
913 2041 950 2112 in
962 2067 1090 2115 nomen
1102 2042 1280 2116 Tiberii:”

312 2158 603 2259 interrogatusque
634 2160 824 2250 aTiberio,
857 2167 886 2203 “
898 2185 998 2249 num,
1023 2159 1057 2232 se
1084 2165 1281 2253 mandante,

315 2290 343 2325 “
361 2309 437 2354 eam
454 2280 652 2353 sententiam
663 2283 874 2378 prompsrffet
887 2285 899 2353 l
910 2283 932 2314 '’
950 2289 977 2324 “
988 2280 1110 2378 sponte
1120 2282 1282 2372 dixisse,”

311 2399 505 2499 respondit3
537 2406 694 2496 “neque
722 2399 822 2472 iniis
851 2427 928 2499 quae
957 2402 1002 2475 ad
1026 2399 1279 2496 rempublicam

314 2526 342 2561 “
360 2518 577 2616 pertinerent,
607 2519 745 2592 consilio
770 2521 830 2592 nisr
855 2520 915 2594 suo
930 2519 1081 2608 usurum,
1111 2519 1168 2588 vel
1198 2543 1279 2590 cum

312 2645 340 2682 “
359 2637 749 2736 periculooffenfionis.'’
800 2643 852 2714 Ea
876 2640 945 2714 sola
969 2638 1096 2736 species
1114 2636 1280 2709 adulandi

312 2755 490 2854 supererat.
539 2760 765 2832 Conclamant
792 2780 913 2856 patres,
956 2765 1119 2855 “corpus
1147 2757 1192 2828 ad
1224 2781 1279 2828 ro-

314 2883 443 2974 “gum
472 2876 621 2949 humeris
654 2876 843 2951 senatorum
870 2877 1085 2951 ferendum?
1135 2876 1281 2950 Remisrt

310 2996 420 3070 Caesar
435 2997 614 3094 adroganti
631 2998 887 3071 moderatione:
917 2999 1154 3094 populumque
1166 2997 1281 3071 edicto

309 3115 457 3205 monuit,
500 3122 527 3157 “
545 3141 603 3205 ne,
626 3137 664 3188 ut
693 3119 869 3214 quondam
895 3116 1009 3189 nimiis
1033 3115 1150 3189 studiis
1179 3114 1280 3189 funus

311 3242 339 3279 “
355 3236 429 3309 divi
445 3235 529 3330 Julii
546 3238 744 3326 turbaffent,
772 3237 819 3308 ita
840 3237 1037 3334 Augustum
1062 3235 1098 3306 in
1126 3232 1200 3307 foro
1216 3261 1279 3331 po-

312 3363 339 3399 “
357 3356 437 3445 tius,
457 3355 563 3453 quam
579 3354 616 3427 in
633 3381 758 3451 campo
770 3355 907 3445 Martis,
919 3346 997 3427 sede
1013 3353 1189 3443 destinatal,
1208 3380 1279 3427 cre·

310 3484 338 3519 “
355 3476 439 3548 mari
452 3476 615 3547 vellent.''
664 3474 733 3547 Die
749 3473 891 3563 funeris,
908 3473 1033 3546 milites
1054 3473 1149 3545 velut
1168 3477 1278 3569 praesr-

307 3595 367 3668 dio
379 3596 508 3683 stetere,
530 3595 680 3667 multirm
697 3593 935 3681 inridentibus,
953 3591 1014 3690 qui
1031 3592 1091 3689 ipsr
1108 3592 1277 3682 viderant,

308 3715 438 3811 quique
459 3741 479 3786 a
507 3713 703 3809 parentibus
729 3731 929 3810 acceperant
954 3711 1049 3783 diem
1065 3711 1164 3783 illum
1181 3711 1278 3784 crudi

307 3833 419 3903 adhuc
447 3830 583 3921 servitii,
613 3835 647 3903 δι
680 3831 842 3905 libertatis
879 3828 1084 3927 improspere
1112 3830 1277 3926 repetitae,

308 3950 389 4023 clun
411 3948 540 4024 occisus
571 3948 716 4025 dictator
745 3948 869 4041 Casu,
890 3949 963 4024 aliis
989 3952 1182 4048 petiturum,
1203 3948 1278 4022 aliis
