2986 5138
256 585 325 657 180
451 576 1023 653 C.Connan11Tncrrr

254 756 387 827 Verum
404 754 479 827 haec
496 753 595 827 nobis
612 750 767 851 majores.
815 747 1014 825 Certamina
1034 773 1080 823 ex
1096 746 1223 824 hones·

252 893 290 947 to
301 895 474 946 maneant.

301 994 397 1065 LVI.
413 992 625 1082 Trnnnrus,
638 990 730 1065 sami
740 989 985 1065 moderationis
999 994 1108 1087 parta,
1122 988 1224 1088 quod

145 1196 149 1205 ¹
252 1112 450 1211 ingruentes
466 1111 676 1187 accusatores
691 1113 900 1208 represserat,
925 1109 1033 1183 mittit
1048 1109 1158 1183 literas
1175 1112 1224 1184 ad

253 1231 423 1323 senatum,
450 1233 530 1328 quls
551 1231 801 1328 “potestatem
828 1229 1077 1304 tribuniciam”
1104 1228 1224 1304 Druso

254 1357 404 1452 petebat.
453 1353 495 1424 ld
515 1348 639 1424 summi
655 1349 780 1449 fastigii
799 1351 1010 1423 vocabulum
1039 1349 1222 1447 Augustus

253 1472 391 1569 reperit,
415 1497 459 1545 ne
483 1474 568 1567 regis
593 1489 651 1543 aut
678 1471 840 1542 difflatoris
862 1492 990 1542 nomen
1012 1465 1220 1561 adsumeret,

253 1616 294 1664 ac
310 1611 426 1664 tamen
442 1588 673 1687 appellatione
697 1587 812 1686 aliqui
835 1608 948 1661 cetera
971 1586 1116 1684 imperia
1131 1613 1220 1685 prae-

254 1709 409 1784 mineret.
459 1712 516 1784 M.
544 1707 672 1781 deinde
694 1705 894 1806 Agrippam
911 1705 1042 1779 socium
1066 1705 1137 1806 ejus
1155 1734 1221 1806 po·

252 1828 402 1915 testatis3
429 1854 501 1927 quo
515 1826 694 1920 defunclo,
719 1825 904 1900 Tiberium
920 1827 1100 1900 Neronem
1126 1828 1221 1902 dele·

252 1949 317 2048 git,
335 1975 378 2023 ne
394 1947 558 2024 successor
574 1947 612 2021 in
627 1947 760 2020 incerto
776 1943 884 2018 foret:
912 1949 957 2019 fic
973 1944 1125 2020 cohiberi
1143 1973 1220 2044 pra·

253 2094 314 2142 vas
326 2068 474 2143 aliorum
485 2066 559 2166 spes
575 2070 730 2141 rebatur:
758 2067 857 2140 srmul
868 2066 1044 2142 modestiae
1055 2067 1221 2159 Neronis,

254 2192 289 2263 δι
306 2187 373 2263 suae
391 2186 621 2287 magnitudini
640 2188 781 2260 fidebat.
830 2190 913 2284 Qro
937 2206 1020 2260 tunc
1042 2191 1222 2286 exemplo,

252 2307 417 2381 Tiberius
432 2304 585 2379 Drusum
601 2303 745 2379 summae
768 2304 816 2378 rei
833 2307 998 2380 admovet
1009 2335 1020 2393 ;
1047 2307 1143 2399 cirin,
1168 2305 1224 2381 in·

253 2428 383 2501 columi
396 2423 620 2514 Germanico,
646 2423 822 2522 integrum
836 2425 926 2497 inter
948 2425 1036 2497 duos
1047 2423 1222 2523 judicium

254 2543 426 2618 tenuisset.
476 2542 543 2615 Sed
557 2542 726 2639 principio
738 2542 911 2618 literatum
928 2563 1107 2618 veneratus
1120 2546 1220 2640 deos,

255 2670 341 2735 “ut
370 2659 506 2734 consilia
528 2662 586 2734 sua
608 2659 806 2757 reipublicae
839 2660 1113 2760 prosperarent,”
1143 2691 1220 2740 mo·

252 2782 332 2855 dica
359 2781 403 2853 de
431 2779 586 2853 moribus
615 2779 850 2871 adolescentis,
887 2808 1001 2879 neque
1030 2784 1067 2856 in
1099 2783 1221 2861 falsum

253 2904 355 2975 ausla
377 2898 513 2973 retulit:
542 2908 569 2943 “
588 2903 654 2973 effe
672 2900 721 2973 illi
739 2899 926 2999 conjugem
945 2907 979 2974 dc
997 2921 1063 2975 tres
1080 2903 1220 2998 liberos,

255 3028 284 3065 “
303 3044 451 3117 eamque
468 3037 618 3109 aetatem,
646 3022 714 3116 qul
731 3019 799 3117 ipse
817 3022 996 3118 quondam
1014 3048 1034 3094 a
1049 3023 1132 3096 divo
1146 3031 1222 3100 Au-

255 3146 284 3183 “
303 3140 402 3237 gusto
429 3140 473 3211 ad
499 3142 743 3236 capeffendum
769 3142 836 3213 hoc
864 3167 990 3214 munus
1012 3163 1153 3219 vocatus
1171 3151 1221 3222 srt.

256 3266 284 3303 “
302 3261 429 3356 Neque
446 3285 538 3330 nunc
558 3259 716 3355 propere,
743 3258 801 3334 sed
826 3285 886 3356 per
900 3263 980 3333 osto
996 3286 1103 3338 annos
1119 3287 1223 3363 capto

254 3385 283 3422 “
301 3378 551 3474 experiment0‚
576 3381 772 3474 compressis
792 3377 1026 3471 seditionibus,
1052 3390 1222 3481 composi·

254 3508 283 3545 “
302 3501 344 3573 tis
360 3501 471 3595 bellis,
497 3499 743 3596 triumphalem
757 3501 1061 3594 absconsorem,
1080 3504 1152 3577 noti
1170 3507 1219 3577 la-

254 3630 283 3668 “
301 3623 394 3698 boris
412 3623 612 3721 participem
630 3623 754 3697 sumi.'’

302 3744 416 3815 LVII.
440 3745 744 3818 Pnrnccrnnnur
759 3745 882 3820 animis
891 3747 1080 3821 orationem
1095 3764 1219 3843 patres,

254 3861 328 3958 qui)
346 3862 516 3957 quaesrtior
533 3862 685 3936 adulatio
702 3862 788 3938 suit:
817 3892 881 3941 nec
898 3888 1013 3941 tamen
1032 3887 1220 3964 repertum,

255 3980 317 4052 nisr
347 3987 432 4052 “ut
454 3980 583 4079 effigies
603 3981 817 4083 Principum,
849 4012 921 4060 aras
944 3988 1066 4079 deum,
1091 3986 1223 4082 templa
