2986 5138
397 589 462 657 162
646 587 689 659 C.
721 588 953 663 Conuenit
975 589 1156 662 Tacrrt

393 760 513 831 contri
537 763 738 834 Mamercus
762 766 919 852 Scaurus,
946 767 980 835 δι
996 764 1043 835 L.
1062 761 1263 850 Arruntius,
1289 761 1365 835 alii·

395 903 464 974 que
485 881 587 951 Sullae
609 880 793 978 propinqui
814 882 1032 955 nitebantur:
1060 882 1241 953 certabant
1261 880 1366 952 orati-

393 997 530 1087 onibus,
567 1003 599 1070 &
629 1003 909 1072 memorabantur
940 1001 1148 1095 “exempla
1175 996 1366 1095 majorum,

394 1124 422 1158 “
441 1118 501 1213 qui
522 1115 716 1213 juventutis
741 1118 1002 1192 inreverentiam
1031 1119 1195 1216 gravibus
1221 1117 1368 1190 decretis

395 1242 422 1277 “
442 1237 644 1308 notavissent
660 1239 697 1308 :''
721 1238 834 1309 donec
862 1235 995 1310 Drusus
1023 1256 1104 1331 apta
1128 1234 1368 1331 temperandis

394 1354 519 1426 animis
531 1355 702 1441 differuit3
730 1361 764 1427 δι
780 1353 988 1428 satisfactum
1004 1355 1195 1427 Corbuloni
1209 1379 1271 1450 per
1282 1357 1367 1427 Ma·

393 1496 564 1562 mercum,
592 1474 651 1571 qui
677 1495 816 1570 patruus
840 1476 939 1546 fimul
960 1500 1000 1546 ac
1023 1473 1162 1546 vitricus
1184 1475 1302 1562 Sulla,
1330 1477 1366 1544 δε

392 1611 565 1664 oratorum
583 1596 623 1664 ea
639 1613 737 1665 aetate
749 1593 944 1666 uberrimus
955 1613 1038 1665 erat.
1081 1593 1182 1664 Idem
1194 1592 1367 1680 CorbulO,

394 1715 423 1750 “
442 1709 587 1805 plurima
604 1736 664 1807 per
680 1711 813 1784 ltaliam
831 1712 961 1801 itinera,
987 1710 1106 1784 fraude
1117 1710 1319 1806 mancipum
1330 1715 1366 1782 δι

395 1827 573 1901 “incuria
605 1831 865 1927 magistratuum
897 1831 1084 1926 interrupta
1112 1834 1146 1902 δι
1173 1829 1367 1926 impervia'’

394 1946 620 2036 clamitando,
648 1946 900 2022 exsecutionem
923 1947 994 2047 ejus
1018 1947 1148 2046 negotii
1170 1947 1280 2020 libens
1296 1946 1366 2020 sus·

394 2065 509 2163 cepit:
538 2068 633 2163 quod
652 2069 746 2141 haud
768 2068 910 2165 perinde
933 2067 1072 2164 publice
1093 2064 1167 2139 usui
1188 2065 1364 2155 habitum,

393 2186 501 2282 quam
518 2185 700 2258 exitiosum
721 2187 849 2275 multis,
877 2212 1026 2284 quonam
1047 2185 1084 2257 in
1108 2183 1292 2281 pecuniam
1312 2204 1366 2257 at-

395 2330 463 2400 que
480 2303 609 2376 samam
626 2305 906 2378 damnationibus
923 2310 956 2377 ἃ
974 2305 1067 2378 hasta
1082 2302 1254 2377 saeviebat.

442 2424 597 2494 XXXII.
620 2425 766 2508 Naoura
789 2421 901 2495 multo
925 2423 998 2519 pdst
1022 2422 1124 2496 miffis
1143 2423 1188 2495 ad
1209 2422 1365 2498 senatum

394 2539 496 2612 literis
511 2540 686 2629 Tiberius,
715 2548 742 2583 “
760 2562 891 2614 motam
908 2541 1039 2615 rursum
1057 2541 1214 2615 Africam
1230 2542 1367 2617 incursu

396 2664 424 2702 ‘⁴
442 2657 693 2732 Tacfarinatis''
710 2661 829 2733 docuit
843 2690 853 2747 ;
881 2661 1118 2759 “judicioque
1131 2682 1267 2758 patrum
1280 2661 1368 2734 deli-

396 2779 596 2875 “gendum
615 2778 867 2874 proconsulem,
892 2807 1038 2877 gnarum
1057 2781 1199 2870 militiae,
1222 2807 1368 2879 corpore

395 2905 423 2939 “
441 2898 609 2986 validum,
637 2902 670 2969 δι
695 2901 787 2970 bello
813 2898 1082 2972 sulsedlumm:”
1108 2901 1202 2996 quod
1227 2900 1364 2973 initium

393 3018 472 3089 Sex.
504 3018 692 3113 Pompeius
724 3019 876 3114 agitandi
910 3020 1071 3091 adversus
1100 3020 1156 3090 M.
1185 3019 1365 3114 Lepidum

393 3136 462 3208 odii
491 3139 622 3225 nactus,
651 3144 677 3178 “
697 3157 735 3208 ut
761 3135 948 3226 socordem,
976 3137 1132 3232 inopem,
1159 3141 1192 3209 ὅτ
1224 3135 1363 3232 majori-

394 3263 422 3298 “
441 3258 504 3329 bus
516 3255 580 3327 suis
593 3256 819 3345 dedecorum,
847 3257 958 3353 eoque
974 3255 1078 3327 ctiam
1096 3259 1185 3328 Afiae
1202 3252 1289 3326 sorte
1301 3257 1363 3326 de-

394 3382 420 3416 “
440 3376 680 3471 pellendum,'’
721 3373 907 3459 incusavit3
957 3374 1096 3446 adverso
1128 3373 1257 3463 senatu,
1300 3376 1364 3470 qui

394 3493 616 3588 “Lepidum
636 3492 756 3563 mitem
780 3493 889 3589 magis
913 3494 1019 3588 quam
1044 3493 1225 3589 ignavum,
1253 3513 1363 3587 pater-

392 3619 420 3653 “
440 3637 499 3682 nas
516 3611 546 3682 ei
559 3610 744 3706 angustias,
772 3614 804 3681 bc
827 3611 1041 3683 nobilitatem
1065 3615 1132 3682 fine
1155 3616 1282 3707 probro
1305 3637 1362 3683 ac-

393 3738 420 3772 “
439 3751 524 3818 tam,
551 3728 672 3799 honori
697 3729 803 3822 quam
828 3727 1029 3825 ignominiae
1056 3729 1275 3801 habendam'’
1295 3731 1362 3802 du-

392 3851 502 3919 cebat.
553 3848 663 3943 Igitur
681 3845 797 3916 missus
811 3845 845 3916 in
860 3850 987 3919 Asiam.
1039 3848 1084 3917 Et
1101 3848 1145 3918 de
1163 3846 1284 3920 Africa
1299 3850 1364 3921 de-

394 3984 526 4037 cretum
554 3972 581 4009 ‘⁴
595 3985 632 4036 ut
649 3963 760 4038 Caesar
776 3967 918 4061 legeret,
945 3965 1000 4038 cui
1016 3965 1179 4039 mandata
1195 3965 1321 4040 soret.''
