2986 5138
433 543 744 614 nnuman
777 543 889 616 Lri.
922 545 950 615 l.
1128 554 1172 643 2'7

205 711 301 787 idem
329 711 451 786 Blaesus
480 719 513 788 ἃ
545 717 591 786 L.
621 715 795 810 Apronius
827 741 929 811 eques
962 718 1179 793 Romanuse

207 835 349 905 cohorte
375 836 490 922 Drusi,
522 833 701 931 Justusque
729 834 892 907 Catonius
922 833 1022 930 primi
1049 839 1179 911 ordinis

207 953 375 1041 centurio,
404 955 449 1025 ad
464 953 646 1027 Tiberium
673 953 865 1024 mittuntur.
893 953 1071 1025 Certatum
1097 956 1178 1030 inde

207 1069 389 1161 sententiis,
420 1075 502 1146 cum
528 1071 584 1143 alii
602 1080 628 1113 “
647 1071 874 1168 opperiendos
903 1073 1044 1167 legatos,
1075 1094 1179 1172 atque

209 1199 234 1231 “
254 1191 389 1263 interim
407 1191 568 1264 comitate
594 1192 878 1287 permulcendum
896 1190 1041 1262 militem
1059 1195 1080 1223 ”
1098 1219 1178 1266 cen-

206 1307 338 1396 serent3
357 1312 411 1383 alii
443 1317 469 1352 “
488 1308 684 1382 fortioribus
702 1308 858 1380 remediis
875 1310 1073 1405 agendum:
1094 1313 1178 1384 nihil

210 1436 237 1469 “
258 1429 292 1500 in
322 1432 429 1527 vulgo
462 1428 662 1501 modicum:
682 1450 821 1516 terrere,
851 1428 886 1499 ni
920 1450 1088 1524 paveant:
1119 1432 1182 1505 ubi·

209 1555 236 1589 “
256 1548 504 1645 pertimuerint,
524 1548 665 1644 impune
677 1547 874 1620 contemni:
895 1549 979 1620 dum
992 1547 1180 1644 superstitio

208 1676 235 1710 “
254 1689 386 1766 urgeat,
415 1667 623 1765 adjiciendos
648 1669 796 1739 exduce
814 1687 938 1754 metus,
967 1664 1103 1741 sublatis
1128 1668 1178 1743 se·

207 1793 233 1829 “
250 1787 388 1859 ditionis
401 1787 608 1859 austoribus.
627 1789 871 1882 ”Promptum
889 1788 932 1857 ad
948 1783 1114 1881 asperiora
1126 1788 1177 1860 in-

206 1906 346 2003 genium
364 1905 477 1979 Druso
489 1926 560 1977 erat
576 1934 585 1974 :
605 1926 746 1977 vocatos
759 1904 971 1976 Vibulenum
984 1909 1016 1976 ἃ
1029 1907 1176 1980 Percen-

206 2026 301 2098 nium
319 2025 464 2098 interfici
489 2023 600 2121 jubet.
631 2025 792 2096 Tradunt
809 2023 977 2119 plerique,
1007 2023 1096 2098 intra
1126 2049 1177 2099 ta-

206 2147 429 2219 bernaculum
461 2143 559 2217 ducis
591 2147 758 2215 obrutos:
793 2141 880 2239 palii,
907 2167 1052 2237 corpora
1083 2168 1180 2220 extra

205 2266 337 2336 vallum
353 2263 484 2361 abjesla
500 2263 656 2335 ostentui.

253 2385 372 2456 XXX.
396 2386 507 2473 Tum,
533 2404 573 2455 ut
609 2379 752 2480 quisque
784 2380 975 2478 praeeipuus
1005 2385 1176 2475 turbator,

205 2503 406 2599 conquisiti:
435 2508 469 2575 δι
490 2529 565 2599 pars
584 2524 681 2574 extra
703 2501 807 2573 castra
829 2503 993 2596 palantes,
1017 2529 1036 2575 a
1057 2526 1177 2577 centu·

205 2620 370 2711 rionibus,
402 2645 460 2695 aut
496 2621 731 2718 praetoriarum
768 2620 963 2693 cohortium
1009 2622 1177 2697 militibus

205 2744 303 2812 caesr:
331 2739 498 2837 quosdam
520 2741 579 2837 ipsi
602 2738 782 2835 manipuli,
808 2741 1059 2812 documentum
1082 2742 1181 2831 fidei,

205 2859 385 2944 tradidere.
436 2866 592 2932 Auxerat
614 2859 765 2931 militum
782 2884 878 2931 curas
902 2879 1107 2954 praematura
1126 2861 1178 2932 hi-

203 3004 289 3067 ems,
315 2980 483 3052 imbribus
517 2978 701 3066 continuis,
733 2979 890 3074 adeoque
911 2977 1018 3067 savis,
1044 3001 1179 3053 utnon

203 3099 321 3195 egredi
352 3083 524 3186 tentoria,
547 3097 751 3195 congregari
782 3097 869 3170 inter
899 3096 946 3186 se,
981 3097 1042 3169 vix
1074 3099 1178 3171 tutari

203 3219 298 3315 figna
320 3219 464 3313 possent,
488 3244 565 3314 quae
589 3216 725 3289 turbine
749 3237 853 3314 atque
874 3219 966 3290 undas
996 3221 1176 3312 raptaban-

203 3356 283 3406 tur:
306 3332 451 3408 durabat
469 3340 502 3408 δι
516 3335 667 3408 formido
683 3337 820 3409 caelestis
837 3335 908 3424 irae,
933 3342 959 3377 “
979 3360 1041 3407 nec
1059 3334 1181 3407 frustra

205 3461 233 3523 ,“
251 3453 413 3527 adversus
429 3454 555 3551 impios
571 3453 749 3527 hebescere
766 3456 885 3541 sidera,
922 3478 1018 3524 ruere
1030 3452 1179 3547 tempes-

205 3577 233 3629 ἕ(
251 3591 359 3645 tates:
386 3598 458 3645 non
480 3572 573 3645 aliud
597 3575 769 3646 malorum
792 3573 1043 3659 levamentum,
1072 3572 1181 3667 quarn

203 3694 274 3762 “si
298 3689 493 3787 linquerent
504 3691 611 3764 castra
622 3689 766 3764 infausta
788 3711 1038 3786 temerataque,
1066 3694 1098 3761 δι
1128 3688 1180 3762 so-

203 3813 231 3849 “
249 3807 312 3879 luti
332 3809 482 3903 piacu10,
512 3807 577 3881 suis
593 3808 736 3905 quisque
749 3808 900 3882 hibernis
919 3809 1180 3880 redderentur.'’

199 3925 359 4001 Primum
373 3930 508 4033 oslava⁸
525 3927 606 4005 dein
623 3927 889 4024 quintadecuma
902 3926 1009 4024 legia,
1036 3927 1179 4001 rediere.
