2986 5138
397 561 693 630 Asianorum
734 559 844 630 Lra.
885 557 946 631 lv.
1087 577 1154 653 237

188 729 397 827 suggreffus,
423 729 518 802 haud
543 755 636 827 aegre
665 729 811 827 pepulit,
845 723 1009 825 sanguine
1034 727 1157 798 barba·

186 874 303 921 rorum
340 848 492 939 modico,
530 852 577 921 ob
610 850 805 946 propinqua
846 845 1003 943 suffugia.
1063 845 1157 922 Mox.

186 967 299 1040 castris
316 967 352 1040 in
369 969 448 1040 loco
466 967 709 1055 communitis,
730 967 844 1039 valida
868 990 973 1037 manu
1000 981 1157 1042 montem

186 1106 346 1184 occupat,
364 1087 564 1184 angustum,
580 1091 613 1159 &
629 1085 754 1183 aequali
771 1082 870 1159 dorso
884 1083 1089 1156 continuum
1104 1080 1158 1154 us·

185 1230 254 1303 que
279 1207 324 1278 ad
359 1205 564 1303 proximum
592 1205 784 1293 castellum,
824 1204 919 1300 quod
946 1228 1073 1300 magna
1105 1200 1159 1274 vis

186 1347 329 1414 armata,
355 1347 414 1398 aut
431 1324 622 1414 incondita,
648 1328 827 1398 tuebatur:
856 1323 954 1394 fimul
972 1321 1008 1392 in
1025 1318 1160 1394 ferocis·

189 1447 303 1534 simos,
330 1444 391 1541 qui
407 1464 484 1516 ante
500 1446 633 1515 vallum
658 1469 755 1516 more
774 1442 883 1541 gentis
900 1468 980 1515 cum
997 1438 1158 1513 carmini·

189 1564 254 1635 bus
273 1568 305 1636 δι
326 1562 484 1660 tripudiis
502 1562 745 1659 persultabant,
770 1561 876 1635 mittit
893 1559 1158 1658 delestossagit-

186 1681 362 1755 rariorum.
411 1681 440 1753 li
468 1682 554 1754 dum
576 1682 710 1756 eminus
727 1684 971 1780 grassabantur,
990 1682 1157 1754 crebra&

188 1799 298 1873 inulta
326 1803 469 1873 vulnera
496 1799 631 1887 fecere3
660 1801 801 1898 propiiis
822 1800 1031 1890 incedentes,
1058 1826 1158 1897 erup·

186 1920 281 1993 tione
302 1919 409 1993 subita
433 1920 561 1993 turbati
590 1919 679 2010 sunt,
706 1919 902 2017 receptique
920 1918 1067 1992 subsidio
1095 1921 1159 1991 Su·

192 2042 347 2138 gambrae
375 2039 538 2128 cohortis,
566 2067 672 2137 quam
699 2045 882 2113 Romanus
899 2060 1096 2134 promptam
1114 2041 1160 2120 ad

189 2161 357 2258 pericula,
371 2185 435 2233 nec
448 2159 562 2232 mimis
578 2180 741 2233 cantuum
764 2162 798 2231 &
815 2182 991 2233 annorum
1007 2159 1160 2231 tumultu

189 2298 337 2370 trucem,
363 2280 457 2352 haud
476 2280 596 2375 procul
613 2278 823 2354 instmxerat.
954 2372 957 2379 Ι

236 2401 403 2473 XLVIII.
440 2401 686 2470 Tnnusnnrn
721 2397 847 2474 dehinc
889 2397 996 2471 castra
1027 2395 1159 2468 hostem

187 2539 339 2615 propter,
365 2517 488 2590 relidis
511 2518 606 2613 apud
633 2516 747 2614 priora
768 2516 984 2590 munimenta
1013 2514 1159 2588 Thraci*

191 2638 271 2726 bue,
299 2662 386 2733 quos
414 2636 513 2709 nobis
536 2635 680 2709 adfuisse
707 2633 923 2709 memoravi:
952 2632 1056 2731 iisque
1082 2659 1160 2732 per·

190 2753 330 2826 millum
365 2762 391 2796 “
410 2755 553 2843 vastare,
590 2780 702 2844 urere,
734 2758 868 2827 trahere
891 2755 1038 2851 praedas,
1073 2755 1161 2826 dum

191 2880 219 2915 “
238 2873 414 2970 populatio
433 2874 548 2948 lucem
569 2873 659 2946 intra
686 2874 865 2963 sisteretur,
890 2876 1098 2970 noctemque
1124 2875 1161 2944 in

190 2999 218 3035 “
237 2991 349 3065 castris
365 3010 476 3071 tutam
493 2995 527 3064 δι
545 2990 688 3089 vigilem
702 2994 964 3089 ·capefferent:’'
988 2993 1025 3071 id
1043 2992 1159 3090 primo

189 3110 382 3184 servatum:
422 3136 506 3187 mox
534 3115 617 3184 versi
649 3112 684 3183 in
707 3114 846 3201 luxum,
885 3112 1047 3209 &raptis
1072 3139 1160 3209 opu-

190 3228 288 3318 lenti,
320 3228 480 3311 0mittere
505 3229 678 3320 stationes,
709 3231 844 3305 lascivi&
875 3234 1068 3329 epulatum,
1102 3253 1162 3305 aut

190 3348 311 3426 somno
333 3355 366 3421 δε
384 3347 467 3421 vino
484 3353 725 3446 procumbere.
774 3350 887 3449 Igitur
908 3349 1035 3441 hostes,
1061 3350 1157 3424 incu-

188 3468 237 3543 ria
270 3494 389 3542 eorum
411 3473 601 3565 comperta,
627 3470 698 3543 duo
726 3469 867 3568 agmina
890 3488 1033 3566 parant:
1072 3496 1160 3567 quo·

189 3612 268 3661 rum
285 3590 404 3678 altero,
430 3591 653 3684 populatores
679 3588 921 3662 invaderentur
933 3618 945 3675 ;
971 3588 1028 3661 alii
1057 3590 1161 3663 castra

190 3711 353 3782 Romana
374 3709 628 3805 adpugnarent,
661 3735 732 3782 non
759 3706 816 3804 spe
839 3706 1011 3804 capiendi,
1037 3707 1094 3782 sed
1121 3729 1161 3783 ut

190 3828 353 3917 clamore,
378 3827 468 3916 telis,
494 3824 553 3900 suo
577 3827 720 3924 quilque
738 3828 892 3924 periculo
920 3826 1082 3918 intentus,
1108 3827 1160 3904 [ο-Ι

191 3971 311 4027 norem
332 3947 470 4034 alterius
487 3946 600 4043 proelii
624 3974 694 4022 non
715 3947 906 4046 acciperet:
934 3951 1083 4024 tenebrae
1108 3949 1160 4024 in·
