2986 5138
430 565 1004 637 AnuntwntLrnlll.
1159 587 1224 661 173

260 735 455 807 Decrevere
481 757 591 833 patres
615 758 695 808 vota
717 762 779 832 pro
802 737 913 808 reditu
935 735 1019 833 ejus,
1056 734 1225 833 supplica·

258 852 449 950 tionesque,
472 859 505 926 a
529 855 596 925 alia
619 856 755 926 decora.
815 856 914 926 Solus
933 856 1117 927 Dolabella
1140 857 1225 928 Cor-

260 972 369 1045 nelius
406 975 492 1046 dum
527 972 653 1045 anteire
686 993 816 1045 ceteros
841 992 950 1068 parat,
981 970 1162 1048 absurdam
1190 976 1225 1047 in

258 1091 491 1163 adulationem
524 1093 730 1188 progrellus,
764 1090 904 1179 censuit,
949 1097 977 1132 “
995 1110 1034 1162 ut
1068 1117 1176 1165 ovans
1207 1119 1227 1166 e

261 1217 288 1250 “
306 1209 498 1304 Campania
513 1212 651 1281 Urbem
668 1208 854 1281 introiret.'’
885 1210 995 1307 Igitur
1011 1207 1132 1282 secutae
1149 1212 1226 1284 Cae-

258 1327 337 1400 saris
354 1329 471 1415 literae,
491 1328 618 1423 quibus
648 1335 674 1369 “
692 1325 725 1399 se
742 1353 813 1399 non
830 1350 902 1401 tam
918 1353 1067 1400 vacuum
1091 1328 1225 1424 glorid''

261 1446 483 1542 praedicabat,
519 1453 545 1487 “
559 1467 597 1517 ut
625 1446 699 1542 post
719 1445 934 1518 ferocillimas
959 1465 1077 1542 gentes
1101 1448 1226 1542 perdo·

260 1572 289 1606 “
307 1565 421 1653 mitas,
440 1585 490 1638 tot
508 1584 660 1659 receptos
686 1563 721 1635 in
738 1563 896 1660 juventa,
925 1584 983 1634 aut
1011 1562 1139 1660 spretos
1165 1566 1225 1638 tri-

259 1689 287 1725 “
304 1686 467 1779 umphos,
483 1681 557 1780 jam
580 1681 688 1778 senior
712 1681 990 1779 peregrinationis
1021 1680 1223 1758 suburbanae

261 1807 289 1843 “
308 1801 408 1872 inane
426 1801 608 1896 praemium
631 1803 792 1896 peteret.'’

306 1921 474 1993 XLVIII.
500 1922 573 1991 Son
591 1907 684 1992 idem
701 1941 858 2017 tempus,
885 1928 963 1993 “ut
981 1947 1072 1994 mors
1083 1923 1225 2020 Sulpicii

260 2044 286 2080 “
343 2036 452 2108 uirinii
470 2037 617 2133 publicis
643 2037 810 2136 exsequiis
834 2037 1143 2136 frequentaretur,''
1164 2068 1224 2138 pe·

259 2155 335 2228 tivit
351 2181 371 2227 a
386 2154 512 2227 senatu.
562 2157 660 2228 Nihil
679 2158 724 2229 ad
739 2163 939 2230 veterem&
958 2158 1133 2254 patriciam
1149 2162 1224 2233 Sul-

259 2274 425 2371 piciorum
442 2274 607 2347 familiam
624 2275 801 2373 Qirinius
818 2275 994 2371 pertinuit,
1018 2297 1110 2350 ortus
1131 2280 1226 2374 apud

258 2393 485 2489 municipium
504 2394 732 2467 Lanuvium:
759 2394 815 2467 sed
841 2394 990 2492 impiger
1015 2396 1159 2487 militiae,
1190 2402 1224 2471 δι

257 2513 391 2586 actibus
407 2512 614 2605 ministeriis,
632 2512 844 2586 consulatum
862 2513 1017 2587 subdivo
1035 2516 1222 2612 Augusto;

258 2658 342 2705 mox
373 2631 578 2727 expugnatis
617 2658 676 2727 per
711 2632 868 2704 Ciliciam
897 2634 1224 2707 Homonadensium
1255 2724 1257 2728 Ι

258 2749 400 2823 castellis
430 2749 573 2844 insignia
588 2748 756 2846 triumphi
773 2752 933 2846 adeptus,
957 2750 1124 2848 datusque
1152 2780 1223 2828 rec-

257 2888 311 2942 tor
354 2869 395 2940 C.
424 2866 546 2939 Caesari
580 2868 784 2939 Armeniam
821 2868 1002 2958 obtinenti,
1040 2871 1224 2946 Tiberium

258 3010 399 3083 quoque
422 2984 541 3058 Rhodi
563 3006 725 3083 agentem
742 2988 890 3058 coluerat
910 3015 918 3057 :
951 2989 1046 3085 quod
1063 3011 1144 3064 tunc
1163 3017 1224 3087 pa·

256 3103 371 3177 tefecit
391 3103 427 3176 in
449 3102 593 3176 senatu:
620 3105 764 3177 laudatis
791 3104 826 3175 in
852 3103 884 3176 se
911 3105 1044 3195 officiis,
1070 3112 1101 3179 δι
1127 3107 1223 3182 ineu·

256 3222 327 3297 sato
357 3229 385 3264 “
404 3225 460 3296 Nl.
491 3222 650 3311 Lollio,’'
673 3249 778 3318 quem
805 3230 831 3265 “
844 3226 1020 3297 audorem
1038 3227 1080 3297 C.
1098 3228 1222 3299 Caesari

256 3340 478 3438 “pravitatis
503 3344 536 3411 ὅτ
564 3339 837 3415 discordiarum''
864 3346 1051 3441 arguebat:
1084 3344 1140 3417 sed
1166 3371 1222 3419 ce·

256 3461 336 3534 teris
353 3462 446 3533 haud
460 3462 536 3532 laeta
555 3461 721 3533 memoria
736 3461 883 3559 Qirinii
902 3482 984 3550 erat,
1008 3464 1056 3533 ob
1079 3461 1221 3553 intenta,

255 3600 293 3653 ut
319 3579 528 3668 memoravi,
553 3579 699 3676 Lepidae
727 3580 892 3676 pericula,
915 3579 1160 3677 sordidamque
1188 3589 1222 3656 δι

257 3719 506 3794 praepotentem
530 3696 711 3770 senedam.

305 3820 440 3892 XLIX.
466 3819 566 3889 Frua
580 3817 661 3888 anni
679 3818 721 3888 C.
739 3818 927 3890 Lutorium
943 3817 1109 3908 Priscum,
1126 3821 1222 3916 equi·

255 3955 327 4009 tem
345 3940 563 4023 Romanum,
590 3936 666 4031 post
694 3938 828 4010 celebre
857 3962 1010 4027 carmen,
1038 3964 1109 4035 quo
1134 3942 1221 4024 Ger·
