2986 5138
413 612 718 679 nnumin
752 607 916 679 L1s.l.
1134 632 1176 703 3¹

210 780 408 870 videbatur,
460 779 684 853 “discedere
717 779 754 851 in
794 779 1010 875 manipulos’'
1051 776 1177 875 jubet:

213 907 242 943 “
260 905 303 973 fic
328 900 448 973 melius
485 899 661 973 audituros
688 895 910 994 responsum:
947 897 1072 970 vexilla
1094 925 1179 994 prae-

213 1026 241 1062 “
258 1018 350 1109 ferri,
384 1041 421 1093 ut
444 1019 480 1091 id
495 1018 613 1092 saltem
636 1015 839 1090 discerneret
853 1017 1009 1088 cobortes
1026 1018 1061 1087 :''
1084 1018 1181 1099 tarde

212 1141 507 1236 obtemperavsre.
556 1140 660 1210 Tunc
683 1143 746 1208 “a
770 1134 989 1207 veneratione
1007 1132 1181 1231 Augusti'’

210 1258 320 1347 orsus,
343 1257 439 1330 flexit
468 1264 495 1299 “
508 1254 724 1329 advistorias
737 1251 1000 1350 triumphosque
1010 1252 1182 1343 Tiberii,’'
1249 1318 1252 1325 ,
1291 1304 1295 1321 .

213 1376 392 1474 praecipuis
415 1375 573 1448 laudibus
597 1375 786 1461 celebrans,
822 1380 848 1413 “
861 1398 939 1469 quae
973 1372 1067 1468 apud
1095 1376 1182 1446 Ger·

213 1495 388 1567 “manias
410 1495 475 1566 illis
501 1521 583 1568 cum
609 1492 804 1590 legionibus
831 1491 1060 1588 pulcherrima
1088 1491 1182 1566 secis-

218 1622 246 1657 “
263 1613 346 1686 set.''
372 1621 401 1656 “
415 1614 545 1687 ltaliae'’
565 1613 645 1685 inde
663 1619 689 1653 “
703 1607 916 1699 consensum,
930 1611 1120 1684 Galliarum
1139 1616 1180 1685 fi.

212 1741 241 1776 “
252 1736 361 1806 dem’'
374 1732 521 1817 extollit3
537 1739 548 1772 ‘
553 1728 770 1827 ‘nilusquam
777 1728 956 1803 turbidum
963 1730 1190 1805 autdiscors.’'

254 1851 412 1924 XXXV.
437 1853 629 1924 Srsnurro
646 1852 736 1939 haec,
759 1850 814 1920 vel
840 1874 1017 1921 murmure
1041 1853 1182 1925 modico

206 1973 324 2045 audita
349 1969 437 2044 sunt.
487 1973 540 2043 Ut
575 1968 778 2043 seditionem
807 1968 935 2066 attigit,
969 1971 1068 2044 “ubi
1106 1997 1182 2044 mo-

210 2098 237 2134 “
250 2090 357 2163 destia
385 2089 566 2162 militaris?
590 2088 651 2160 ubi
684 2087 808 2160 veteris
835 2085 1023 2184 disciplinae
1046 2090 1180 2163 decus?

209 2217 238 2253 “
257 2210 411 2306 qudnam
428 2208 606 2280 tribunos?
627 2206 698 2304 quo
713 2207 929 2279 centuriones
940 2206 1182 2304 exegissent?''

208 2329 386 2427 rogitans:
429 2327 560 2399 nudant
586 2326 732 2398 univerfi
766 2352 927 2422 corpora,
970 2325 1182 2404 “cicatrices
1258 2350 1262 2358 ·

208 2456 235 2492 “
253 2474 296 2520 ex
331 2446 548 2534 vulneribus,
575 2446 760 2517 verberum
788 2446 911 2516 notas’'
938 2448 1178 2541 exprobrant‘3

208 2593 293 2640 mox
309 2565 495 2640 indiscretis
508 2564 666 2652 vocibus,
692 2571 721 2605 “
737 2564 845 2660 pretia
857 2564 1091 2655 vacationum,
1119 2595 1181 2642 an-

209 2694 237 2729 “
256 2684 381 2782 gustias
402 2683 576 2781 stipendii,
599 2682 760 2755 duritiam
773 2686 960 2779 operum,''
983 2710 1021 2757 ac
1036 2687 1182 2783 propriis

207 2802 405 2877 nominibus
437 2801 604 2890 incusant,
647 2806 675 2843 “
693 2800 839 2890 vallum,
888 2799 1002 2891 fossas,
1045 2807 1179 2900 pabuli,

210 2921 416 3011 “materiae,
453 2921 632 3020 lignorum
667 2920 867 3016 adgestus‚''
907 2928 939 2995 &
981 2927 1097 3020 fiqua
1117 2926 1249 3002 alia&

208 3066 253 3113 ex
271 3043 474 3129 neceffitate,
501 3059 560 3112 aut
573 3039 737 3112 adversus
754 3038 864 3111 otium
881 3040 1069 3114 castrorum
1084 3069 1181 3141 quae-

203 3180 336 3232 runtur.
387 3157 623 3231 Atrocislimus
650 3180 892 3232 veteranorum
926 3161 1059 3233 clamor
1093 3164 1180 3237 orie-

206 3280 322 3367 batur,
337 3276 397 3374 qui
412 3276 550 3366 tricena,
564 3298 623 3350 aut
636 3274 750 3373 sopri,
768 3277 937 3373 stipendia
947 3301 1180 3370 numerantes,

207 3406 235 3441 “
250 3399 446 3470 mederetur
459 3393 559 3486 seffis,
584 3422 652 3469 neu
677 3417 826 3468 mortem
850 3397 886 3468 in
906 3396 1027 3469 iisdem
1056 3398 1181 3470 labori-

204 3524 232 3559 “
250 3521 328 3607 bus,
368 3515 424 3589 sed
458 3519 565 3590 finem
604 3538 677 3588 tam
701 3514 862 3588 exercitae
889 3516 1035 3606 militiae,
1068 3542 1181 3614 neque

205 3638 394 3733 “inopem
417 3634 613 3733 requiem,''
635 3635 790 3707 orabant.
840 3635 952 3706 Fuere
987 3635 1091 3709 etiam
1120 3639 1181 3735 qui

204 3756 356 3854 legatam
393 3781 413 3827 a
438 3755 523 3826 divo
552 3752 715 3851 Augusto
741 3751 923 3848 pecuniam
953 3754 1178 3850 reposcerent,
1204 3829 1209 3838 ,

204 3873 320 3946 faustis
333 3873 368 3945 in
385 3871 635 3946 Germanicum
651 3869 850 3943 ominibus:
877 3876 924 3959 a,
949 3876 970 3944 sr
989 3874 1093 3945 vellet
1114 3875 1180 3946 im·

196 3992 354 4095 perium,
378 4011 562 4089 promptos
583 3989 808 4065 ostentavere.
858 3992 955 4064 Tum
978 3993 1061 4067 vero
1088 3998 1179 4089 quast
