2986 5138
1107 541 1158 596 XV

187 688 350 770 lestiones
386 704 522 762 tantum
561 686 735 762 Codicum
773 682 974 787 scriptorum
1014 688 1160 766 difl'ensu

187 811 410 896 aestimamus,
441 809 535 880 nulla
552 806 694 879 varietas
710 807 863 881 leelionis
880 809 943 897 est,
968 809 1049 905 quia
1070 837 1160 884 unus

187 947 325 1001 tanturn
343 925 487 1023 scriptus
517 925 602 998 liber
618 945 723 998 extat.
772 929 824 998 At
849 952 888 999 ea
908 926 979 1023 ipsa
997 954 1048 1001 res
1065 929 1160 1021 facit,

190 1051 274 1120 ficut
302 1046 339 1118 in
362 1044 438 1117 aliis
459 1042 568 1132 libris,
596 1069 747 1139 quorum
763 1069 874 1116 unum
890 1066 1024 1119 tantum
1040 1073 1160 1123 exem-

187 1168 291 1264 plum
316 1190 335 1237 e
364 1184 479 1237 vetere
500 1187 576 1235 aevo
603 1162 714 1250 restat,
741 1162 838 1235 velut
859 1163 895 1235 in
912 1164 1162 1260 Qrincliliarm,

188 1283 383 1382 Propertio,
409 1303 447 1354 ut
470 1280 590 1379 saepius
607 1279 748 1378 ingenio
766 1281 822 1353 vel
840 1279 1041 1378 conjecmris
1057 1311 1162 1382 agen-

189 1405 236 1477 da
264 1429 316 1476 res
345 1406 397 1491 fit,
425 1425 533 1497 quam
560 1399 688 1472 vellent
713 1398 848 1488 Critici,
875 1402 992 1474 multis
1019 1403 1055 1476 in
1080 1406 1164 1480 locis

188 1525 285 1596 nulla
299 1542 401 1595 certae
419 1540 477 1593 aut
495 1517 681 1615 probabilis
708 1518 926 1592 correclionis
949 1520 1007 1618 spe
1035 1524 1163 1600 reliua.

191 1646 311 1738 Atque
333 1638 439 1711 etiam
466 1638 502 1708 in
530 1636 651 1710 ceteris
675 1635 769 1709 libris
796 1638 911 1710 Taciti
938 1642 1053 1714 multis
1080 1645 1165 1719 locis

190 1759 305 1834 minus
323 1758 565 1845 laboraremus,
594 1758 618 1827 sr
647 1780 717 1826 non
747 1781 791 1829 ex
816 1758 942 1831 eodem
962 1765 1164 1860 apographo

189 1904 310 1951 omnes
337 1877 486 1949 Codices
512 1873 706 1948 fluxiffent:
750 1876 910 1972 quodni
939 1880 1033 1969 ellet,
1070 1882 1166 1953 haud

192 1998 309 2096 paullo
329 1998 442 2093 plures
467 1993 622 2066 leciionis
639 1992 819 2067 varietates
836 1997 1054 2086 haberemus,
1072 2000 1166 2072 haud

192 2117 310 2214 paullo
328 2113 452 2187 melius
468 2111 663 2186 consultum
681 2113 807 2186 Tacito
832 2116 932 2191 foret.
981 2117 1047 2189 Sed
1072 2119 1166 2191 hunc

191 2239 308 2310 locum
319 2233 394 2330 jam
409 2230 485 2304 satis
505 2233 687 2305 traciatum
714 2235 990 2329 &explanatum
1013 2261 1033 2307 a
1058 2237 1163 2333 pluri·

192 2359 272 2443 bus,
308 2353 344 2426 in
378 2349 565 2449 primisque
591 2376 612 2422 a
639 2377 770 2449 magno
797 2353 964 2442 Bentleio,
1001 2354 1037 2427 in
1060 2355 1164 2449 libro,

102 2509 107 2515 ·
192 2472 321 2548 Collini
337 2468 518 2544 calumniis
540 2467 699 2543 adversus
714 2471 917 2569 religionem
933 2473 1166 2550 Christianam

192 2596 350 2690 opposito
361 2619 373 2676 ;
402 2588 596 2684 (Francice,
615 2589 838 2685 Friponnerie
855 2592 990 2690 Laique
1008 2620 1042 2690 p.
1067 2599 1164 2689 168.)

194 2715 266 2802 hic,
284 2737 344 2809 per
371 2710 475 2782 talem
504 2712 731 2799 occafionem,
760 2710 910 2783 breviter
937 2710 1102 2809 repetiiffe
1131 2721 1165 2788 δι

194 2832 374 2906 inculcasse
390 2828 558 2917 studioso,
575 2825 651 2901 satis
669 2827 869 2924 putavimus
885 2831 1059 2904 effe.—

220 3123 347 3200 Excerpr.
363 3141 396 3180 ex
410 3119 517 3182 Prasat.
537 3120 564 3198 J.
580 3121 616 3180 A.
638 3119 741 3181 Ernesti
754 3120 789 3179 ad
808 3120 886 3184 Edit.
907 3123 987 3184 adam
1006 3123 1041 3185 C.
1055 3123 1160 3193 Taciti,

200 3245 227 3302 l>-
241 3241 386 3299 7-l9*
