2986 5138
314 545 362 612 24
467 521 822 594 CCoannrrr
855 522 1064 595 Tacrra

311 719 393 766 nem
409 697 604 785 retulerant,
639 696 783 770 vocibus
807 694 1006 769 truculentis
1022 694 1192 790 strepere3
1209 718 1285 769 rur·

310 813 398 902 sum,
428 813 499 885 viso
527 803 671 905 Caesare,
699 816 891 913 trepidare:
911 839 1068 888 murmur
1099 812 1287 904 incernam,

310 953 411 1004 atrox
428 935 573 1022 clamor,
591 938 623 1005 ἃ
641 936 780 1030 tepente
798 937 915 1032 quies:
934 934 1074 1006 diversis
1087 932 1286 1007 animorum

311 1051 475 1140 motibus,
525 1056 696 1148 pavebant
733 1059 986 1151 terrebantque.
1035 1052 1197 1124 Tandem
1229 1052 1286 1125 in·

310 1189 465 1266 terrupto
497 1175 662 1262 tumultu,
697 1174 808 1247 literas
841 1173 943 1271 patris
975 1171 1108 1260 recitat,
1136 1170 1172 1243 in
1204 1173 1285 1268 quis

309 1288 533 1387 perscriptum
561 1312 645 1382 erat,
680 1302 706 1335 “
725 1294 932 1390 praecipuam
950 1293 1009 1388 ipsi
1030 1289 1286 1363 fortiffimamm

312 1410 536 1506 “legionum
562 1437 693 1503 curam,
727 1412 929 1509 quibuscum
947 1411 1094 1509 plurima
1122 1410 1212 1482 bella
1227 1429 1286 1482 to-

311 1536 338 1570 “
357 1529 545 1600 leraviffet:
565 1530 625 1602 ubi
643 1531 793 1627 primum
806 1559 827 1604 a
838 1534 933 1604 lustu
945 1529 1122 1627 requiesset
1133 1528 1284 1618 animus,

311 1654 337 1688 “
356 1648 511 1719 asturum
536 1651 630 1744 apud
646 1671 756 1746 patres
788 1651 833 1722 de
850 1649 1022 1747 postulatis
1050 1672 1195 1721 eorum:
1215 1647 1282 1718 mi-

310 1773 338 1808 “
357 1767 426 1837 srffe
455 1766 592 1840 interim
609 1769 733 1858 filium,
762 1791 800 1842 ut
818 1773 886 1842 fine
915 1766 1128 1842 cunstatione
1156 1790 1282 1838 conce-

310 1893 337 1928 “
355 1888 465 1977 deret,
501 1914 577 1984 quae
594 1889 705 1961 statim
721 1888 824 1962 tribui
858 1891 1011 1985 possent:
1029 1904 1140 1958 cetera
1154 1881 1283 1957 senatui

310 2012 337 2048 “
355 2004 532 2097 servanda,
563 2034 669 2104 quem
686 2034 798 2104 neque
815 2008 944 2105 gratia,
971 2029 1082 2103 neque
1098 2000 1283 2077 severitatis

311 2133 338 2168 “
356 2147 534 2221 expertem
552 2127 668 2199 haberi
686 2154 746 2223 par
763 2130 857 2199 esset.
872 2129 895 2160 ''

356 2246 492 2316 XXVI.
520 2249 760 2319 Responsum
779 2247 827 2320 est
842 2274 862 2319 a
878 2245 1059 2333 concione,
1077 2243 1286 2318 “mandata

309 2369 337 2405 “
355 2363 525 2434 Clementi
543 2365 747 2456 centurioni,
774 2392 851 2462 quae
869 2364 1045 2462 proferret.
1060 2365 1083 2396 '¹
1098 2366 1131 2436 ls
1148 2363 1282 2436 orditur

309 2489 337 2523 “
357 2483 400 2552 de
417 2482 570 2554 miffione
587 2511 607 2555 a
623 2483 795 2558 sexdecim
808 2485 904 2559 annis
921 2514 929 2557 ε
949 2487 995 2557 de
1011 2482 1158 2580 praemiis
1175 2484 1282 2557 finita

308 2608 336 2644 “
355 2600 507 2673 militiae:
537 2623 574 2674 ut
592 2604 748 2677 denarius
765 2604 927 2678 diurnum
944 2602 1151 2700 stipendium
1166 2600 1279 2676 soret:

308 2728 399 2793 “ne
428 2722 577 2794 veterani
606 2721 667 2796 sub
696 2724 825 2796 vexillo
857 2726 1074 2796 haberentur.
1092 2723 1118 2754 ''
1148 2722 1208 2794 Ad
1240 2747 1284 2796 ea

305 2837 450 2929 Drusus,
480 2844 562 2914 cum
592 2843 771 2916 arbitrium
799 2842 932 2916 senatsrs
966 2846 999 2914 bc
1029 2841 1130 2938 patris
1155 2843 1278 2915 obten-

305 2959 415 3047 deret,
449 2963 600 3034 clamore
627 2965 794 3035 turbatur.
825 2969 852 3004 “
880 2963 951 3034 Cur
979 2962 1133 3051 veniffet,
1167 2987 1285 3058 neque·

308 3081 521 3176 “augendis
550 3081 700 3154 militum
725 3081 911 3178 stipendiis,
943 3105 1055 3177 neque
1080 3083 1284 3155 adlevandis·

307 3206 335 3240 “
354 3200 540 3288 laboribus,
570 3201 722 3297 denique
752 3202 845 3273 nullal
863 3198 1097 3274 benefaciendi
1113 3201 1276 3274 licentis?

306 3327 334 3362 “
352 3340 386 3390 at
404 3321 540 3392 hercule
571 3324 726 3409 verbera,
755 3325 788 3392 δι
806 3345 928 3393 necem
938 3318 1073 3394 'cunstis
1098 3321 1276 3417 permitti:

304 3446 331 3480 “
349 3439 530 3512 Tiberium
549 3440 632 3512 olim
651 3440 790 3513 nomine
807 3439 956 3537 Augusti
985 3440 1152 3513 desideria
1170 3442 1277 3537 legio-

303 3564 332 3599 “
350 3584 434 3631 num
455 3559 603 3633 frustrari
618 3559 780 3632 solitum:
800 3557 934 3631 easdem
951 3579 1038 3631 artes
1055 3558 1205 3633 Drusum
1223 3583 1275 3629 re-

302 3685 329 3718 “
349 3678 468 3750 tuliffe.
512 3682 764 3776 Numquamne
780 3680 824 3751 ad
840 3677 872 3751 se
890 3677 948 3751 nisr
965 3678 1053 3750 filios
1070 3677 1278 3749 familiarum

300 3801 329 3836 “
348 3802 536 3870 venturos?
557 3825 688 3870 novum
704 3798 740 3870 id
758 3798 871 3893 plane,
893 3797 988 3894 qubd
1005 3797 1187 3893 imperator
1204 3794 1279 3867 sola

300 3919 328 3954 “
346 3915 461 3989 militis
479 3918 667 3992 commoda
691 3919 734 3991 ad
751 3916 905 3991 senatum
930 3915 1078 4015 rejiciat:
1108 3915 1278 3989 eumdem
