2986 5138
267 567 379 619 xxvnr

318 714 506 816 Excerpta
520 705 572 787 ad
578 704 761 787 Edr'tiones
771 701 937 815 quasdam
952 704 998 784 C.
1014 695 1138 783 Taciti
1140 718 1233 811 per-

265 839 431 933 tinentia,
447 866 529 947 quae
546 867 570 916 a
584 836 749 917 Broteria
766 838 831 917 vel
835 834 981 946 penitus
985 838 1081 944 stant
1095 832 1234 941 omfflae,

264 971 453 1077 velfufius
481 972 654 1048 trasiatae
677 967 724 1046 ab
747 969 799 1076 J.
815 972 870 1046 A.
895 963 1039 1072 Ernesti
1051 964 1089 1045 in
1108 965 1235 1070 Praef.

252 1106 328 1213 sua
345 1098 398 1180 ad
411 1099 515 1181 Edit.
536 1100 688 1179 alteram
705 1101 810 1178 Ann.
836 1125 937 1204 1772
957 1096 1161 1202 vulgatam.

312 1247 395 1320 Vid.
408 1250 495 1346 Pag.
513 1273 566 1345 pr.
581 1269 635 1344 17.
652 1245 712 1318 lin.
727 1270 760 1341 3.
811 1244 923 1317 *Post
940 1247 1028 1319 hanc
1044 1243 1240 1342 principem

261 1366 451 1442 editionem
469 1365 672 1440 Maettarius
687 1366 733 1437 T.
750 1366 795 1436 V.
813 1366 852 1436 P.
866 1367 910 1437 ΙΙ.
928 1391 963 1462 p.
983 1390 1065 1460 293.
1083 1387 1241 1437 comme·

263 1508 377 1562 morat
392 1488 448 1559 ed.
464 1487 554 1557 Ven.
576 1488 679 1576 1484.
700 1489 733 1557 ὃ(
750 1487 859 1557 Rom.
877 1507 979 1581 1495.
997 1482 1055 1556 sed
1072 1485 1140 1555 fine
1156 1508 1240 1558 auc·

262 1626 338 1679 tore
360 1631 401 1678 ac
424 1603 508 1676 teste
523 1610 541 1676 ε’
563 1605 656 1677 unde
681 1601 752 1701 ejus
780 1603 954 1676 traditioni
974 1628 1097 1700 parum
1113 1600 1241 1693 tribuo.

263 1727 345 1822 Ego
363 1721 507 1820 quidem
524 1720 680 1820 nuspiam
697 1721 771 1795 vidi
786 1747 908 1795 earum
931 1721 1124 1795 editionum
1139 1745 1239 1794 men·

263 1843 396 1916 tionem
419 1868 494 1916 earn
521 1839 608 1932 fieri,
634 1840 691 1915 cui
708 1843 793 1915 fides
810 1839 929 1915 haberi
946 1842 1065 1938 poffet.
1105 1840 1242 1936 Lipsius

262 1988 369 2061 porro
385 1961 421 2034 in
438 1961 637 2059 praefatione
661 1959 821 2033 editionis
847 1959 984 2056 primae,
1012 1981 1115 2057 1574.
1143 1958 1190 2031 ait
1206 1957 1242 2032 se

262 2080 362 2155 usum
378 2079 538 2153 editionis
550 2081 691 2152 Venetae
718 2102 750 2149 a.
769 2100 1044 2151 croccccxcrrrr.
1066 2075 1164 2151 sada
1180 2103 1242 2152 ex-

262 2201 394 2297 emplo.
444 2200 486 2270 In
503 2222 575 2294 quo
594 2199 617 2270 fi
642 2195 729 2268 nihil
746 2195 821 2270 vitii
838 2197 944 2270 habet
966 2222 1130 2271 numerus
1144 2199 1241 2290 anni,

263 2341 330 2391 nec
357 2338 664 2388 craccccxcrnr.
691 2313 741 2387 est
757 2340 822 2412 pro
839 2341 1133 2393 craccccxcvrr.
1163 2342 1243 2394 carn

261 2434 451 2509 editionem
467 2432 597 2507 nemini
610 2454 733 2531 praeter
756 2434 857 2508 illum
875 2434 982 2509 visam
998 2455 1150 2533 oportet,
1180 2437 1243 2535 qui

264 2552 382 2627 Taciti
404 2551 571 2626 editiones
598 2578 929 2627 commemoravere.
979 2556 1100 2653 Itaque
1123 2555 1243 2630 licebit

264 2671 351 2746 mihi
377 2672 423 2745 de
461 2670 514 2744 his
544 2671 753 2746 editionibus
780 2671 953 2762 dubitare,
987 2674 1075 2748 dum
1107 2673 1240 2748 idoneis

265 2790 353 2866 mihi
382 2790 601 2865 documentis
625 2791 881 2888 persuadeatur,
910 2792 980 2866 istis
1005 2793 1104 2885 locis,
1132 2793 1240 2892 iisque

263 2911 376 3004 annis,
401 2909 518 2985 Taciti
534 2909 640 2989 libros
656 2909 768 2989 editos
784 2909 861 2985 effe.

853 3031 986 3106 Ernesti
1010 3059 1091 3133 pag.
1109 3060 1168 3109 22.

312 3187 353 3261 P.
374 3187 429 3256 18.
457 3182 481 3254 l.
510 3186 564 3265 18.
615 3190 637 3234 ἢ*
666 3185 795 3263 Extare
833 3184 937 3259 etiam
971 3186 1122 3262 sciebam
1155 3189 1242 3264 alius

263 3307 405 3377 Venetae
424 3299 596 3374 Editionis
621 3306 782 3402 exempla
809 3330 840 3376 a.
864 3331 877 3378 r
885 3329 966 3401 512.
994 3327 1119 3386 curatae
1146 3313 1241 3405 aJo.

265 3422 396 3509 Rivi0;
423 3446 574 3519 quorum
600 3441 717 3495 tamen
734 3424 871 3497 nullum
888 3425 975 3498 mihi
991 3444 1070 3500 ante
1089 3426 1241 3524 primam

264 3542 418 3615 nostram
437 3540 641 3631 editionem,
667 3541 858 3639 contigerat
873 3541 1000 3618 videre.
1041 3548 1121 3619 Nec
1138 3571 1240 3645 mag·

266 3685 396 3756 nopere
425 3660 661 3734 defideraram.
713 3659 854 3732 Etenim
883 3662 1056 3755 Ryckius,
1080 3665 1140 3763 qui
1168 3665 1240 3764 ejus

265 3778 469 3874 exemplum
499 3777 634 3868 habuit,
660 3776 724 3849 vix
751 3778 816 3867 bis,
841 3779 878 3850 ni
907 3780 1021 3871 fallor,
1045 3803 1105 3856 aut
1130 3785 1239 3860 teria

264 3892 354 3969 notis
376 3893 591 3969 mentionem
607 3893 679 3996 ejus
700 3895 795 3986 fecit,
820 3921 884 3971 nec
908 3899 1099 4001 quicquam
1126 3927 1172 3978 ex
1199 3929 1242 3980 ea
