<?xml version="1.0" encoding="UTF-8"?>
<!DOCTYPE html PUBLIC "-//W3C//DTD XHTML 1.0 Transitional//EN"
    "http://www.w3.org/TR/xhtml1/DTD/xhtml1-transitional.dtd">
<html xmlns="http://www.w3.org/1999/xhtml" xml:lang="en" lang="en">
 <head>
  <title>
</title>
<meta http-equiv="Content-Type" content="text/html;charset=utf-8" />
  <meta name='ocr-system' content='tesseract 3.04.00' />
  <meta name='ocr-capabilities' content='ocr_page ocr_carea ocr_par ocr_line ocrx_word'/>
</head>
<body>
  <div class='ocr_page' id='page_1' title='image "./ccorneliitaciti03ernegoog_0102.png"; bbox 0 0 2986 5138; ppageno 0'>
   <div class='ocr_carea' id='block_1_1' title="bbox 394 563 1169 660">
    <p class='ocr_par' dir='ltr' id='par_1_1' title="bbox 394 563 1169 660">
     <span class='ocr_line' id='line_1_1' title="bbox 394 563 1169 660; baseline 0 -24"><span class='ocrx_word' id='word_1_1' title='bbox 394 563 704 636; x_wconf 64' lang='lat' dir='ltr'>Ammon</span> <span class='ocrx_word' id='word_1_2' title='bbox 736 563 849 635; x_wconf 80' lang='lat' dir='ltr'>Lis.</span> <span class='ocrx_word' id='word_1_3' title='bbox 882 564 909 635; x_wconf 90' lang='lat' dir='ltr'>l.</span> <span class='ocrx_word' id='word_1_4' title='bbox 1122 585 1169 660; x_wconf 82' lang='lat'>45</span> 
     </span>
    </p>
   </div>
   <div class='ocr_carea' id='block_1_2' title="bbox 127 734 1175 4043">
    <p class='ocr_par' dir='ltr' id='par_1_2' title="bbox 127 734 1175 3074">
     <span class='ocr_line' id='line_1_2' title="bbox 208 734 1173 832; baseline 0.002 -22"><span class='ocrx_word' id='word_1_5' title='bbox 208 734 346 812; x_wconf 86' lang='lat' dir='ltr'>saevitiae</span> <span class='ocrx_word' id='word_1_6' title='bbox 388 734 425 806; x_wconf 93' lang='lat' dir='ltr'>in</span> <span class='ocrx_word' id='word_1_7' title='bbox 462 734 702 831; x_wconf 88' lang='lat' dir='ltr'>Sempronium</span> <span class='ocrx_word' id='word_1_8' title='bbox 729 738 919 824; x_wconf 88' lang='lat' dir='ltr'>Graccum,</span> <span class='ocrx_word' id='word_1_9' title='bbox 949 735 1010 832; x_wconf 90' lang='lat' dir='ltr'>qui</span> <span class='ocrx_word' id='word_1_10' title='bbox 1043 735 1173 813; x_wconf 71' lang='lat' dir='ltr'>familia</span> 
     </span>
     <span class='ocr_line' id='line_1_3' title="bbox 207 851 1171 951; baseline 0.004 -23"><span class='ocrx_word' id='word_1_11' title='bbox 207 853 334 943; x_wconf 90' lang='lat' dir='ltr'>nobili,</span> <span class='ocrx_word' id='word_1_12' title='bbox 353 851 452 925; x_wconf 92' lang='lat' dir='ltr'>solers</span> <span class='ocrx_word' id='word_1_13' title='bbox 470 853 625 950; x_wconf 87' lang='lat' dir='ltr'>ingenio,</span> <span class='ocrx_word' id='word_1_14' title='bbox 644 858 677 925; x_wconf 87' lang='lat'>&amp;</span> <span class='ocrx_word' id='word_1_15' title='bbox 692 855 794 951; x_wconf 68' lang='lat' dir='ltr'>prave</span> <span class='ocrx_word' id='word_1_16' title='bbox 811 853 993 944; x_wconf 88' lang='lat' dir='ltr'>facundus,</span> <span class='ocrx_word' id='word_1_17' title='bbox 1011 859 1171 932; x_wconf 91' lang='lat' dir='ltr'>eamdem</span> 
     </span>
     <span class='ocr_line' id='line_1_4' title="bbox 209 972 1169 1071; baseline 0.006 -27"><span class='ocrx_word' id='word_1_18' title='bbox 209 973 343 1069; x_wconf 88' lang='lat' dir='ltr'>Juliam</span> <span class='ocrx_word' id='word_1_19' title='bbox 361 972 397 1043; x_wconf 91' lang='lat' dir='ltr'>in</span> <span class='ocrx_word' id='word_1_20' title='bbox 415 973 636 1046; x_wconf 90' lang='lat' dir='ltr'>matrimonio</span> <span class='ocrx_word' id='word_1_21' title='bbox 652 975 709 1045; x_wconf 87' lang='grc' dir='ltr'>Μ.</span> <span class='ocrx_word' id='word_1_22' title='bbox 728 973 895 1071; x_wconf 73' lang='lat' dir='ltr'>Agrippa</span> <span class='ocrx_word' id='word_1_23' title='bbox 923 994 1169 1051; x_wconf 83' lang='lat' dir='ltr'>temeraverat:</span> 
     </span>
     <span class='ocr_line' id='line_1_5' title="bbox 210 1091 1172 1189; baseline 0.001 -22"><span class='ocrx_word' id='word_1_24' title='bbox 210 1121 273 1169; x_wconf 91' lang='lat' dir='ltr'>nec</span> <span class='ocrx_word' id='word_1_25' title='bbox 299 1093 328 1166; x_wconf 91' lang='lat' dir='ltr'>is</span> <span class='ocrx_word' id='word_1_26' title='bbox 354 1092 492 1166; x_wconf 87' lang='lat' dir='ltr'>libidini</span> <span class='ocrx_word' id='word_1_27' title='bbox 509 1093 609 1178; x_wconf 89' lang='lat' dir='ltr'>finis;</span> <span class='ocrx_word' id='word_1_28' title='bbox 639 1092 800 1165; x_wconf 84' lang='lat' dir='ltr'>traditam</span> <span class='ocrx_word' id='word_1_29' title='bbox 822 1091 979 1182; x_wconf 92' lang='lat' dir='ltr'>Tiberio,</span> <span class='ocrx_word' id='word_1_30' title='bbox 1009 1095 1172 1189; x_wconf 84' lang='lat' dir='ltr'>pervicax</span> 
     </span>
     <span class='ocr_line' id='line_1_6' title="bbox 208 1210 1174 1287; baseline 0 -1"><span class='ocrx_word' id='word_1_31' title='bbox 208 1216 343 1287; x_wconf 84' lang='lat' dir='ltr'>adulter</span> <span class='ocrx_word' id='word_1_32' title='bbox 364 1212 583 1285; x_wconf 69' lang='lat' dir='ltr'>contumacia</span> <span class='ocrx_word' id='word_1_33' title='bbox 607 1215 641 1284; x_wconf 69' lang='grc' dir='ltr'>δε</span> <span class='ocrx_word' id='word_1_34' title='bbox 670 1210 757 1284; x_wconf 90' lang='lat' dir='ltr'>odiis</span> <span class='ocrx_word' id='word_1_35' title='bbox 772 1211 809 1282; x_wconf 93' lang='lat' dir='ltr'>in</span> <span class='ocrx_word' id='word_1_36' title='bbox 827 1210 990 1283; x_wconf 89' lang='lat' dir='ltr'>maritum</span> <span class='ocrx_word' id='word_1_37' title='bbox 1007 1215 1174 1286; x_wconf 89' lang='lat' dir='ltr'>accende-</span> 
     </span>
     <span class='ocr_line' id='line_1_7' title="bbox 209 1329 1174 1426; baseline 0.001 -21"><span class='ocrx_word' id='word_1_38' title='bbox 209 1336 289 1418; x_wconf 84' lang='lat' dir='ltr'>bat3</span> <span class='ocrx_word' id='word_1_39' title='bbox 333 1332 520 1426; x_wconf 85' lang='lat' dir='ltr'>literaeque,</span> <span class='ocrx_word' id='word_1_40' title='bbox 549 1356 634 1426; x_wconf 86' lang='lat' dir='ltr'>quas</span> <span class='ocrx_word' id='word_1_41' title='bbox 662 1330 757 1425; x_wconf 85' lang='lat' dir='ltr'>Julia</span> <span class='ocrx_word' id='word_1_42' title='bbox 789 1329 874 1426; x_wconf 91' lang='lat' dir='ltr'>patri</span> <span class='ocrx_word' id='word_1_43' title='bbox 899 1329 1062 1426; x_wconf 84' lang='lat' dir='ltr'>Augusto</span> <span class='ocrx_word' id='word_1_44' title='bbox 1091 1357 1174 1407; x_wconf 88' lang='lat' dir='ltr'>cum</span> 
     </span>
     <span class='ocr_line' id='line_1_8' title="bbox 209 1447 1175 1545; baseline -0.001 -21"><span class='ocrx_word' id='word_1_45' title='bbox 209 1451 429 1524; x_wconf 75' lang='lat' dir='ltr'>insedatione</span> <span class='ocrx_word' id='word_1_46' title='bbox 445 1449 578 1522; x_wconf 92' lang='lat' dir='ltr'>Tiberii</span> <span class='ocrx_word' id='word_1_47' title='bbox 610 1447 749 1545; x_wconf 74' lang='lat' dir='ltr'>scripsit,</span> <span class='ocrx_word' id='word_1_48' title='bbox 777 1475 797 1521; x_wconf 89' lang='lat' dir='ltr'>a</span> <span class='ocrx_word' id='word_1_49' title='bbox 825 1451 961 1521; x_wconf 89' lang='lat' dir='ltr'>Gracco</span> <span class='ocrx_word' id='word_1_50' title='bbox 978 1453 1175 1545; x_wconf 88' lang='lat' dir='ltr'>composrtae</span> 
     </span>
     <span class='ocr_line' id='line_1_9' title="bbox 208 1567 1174 1667; baseline -0.001 -23"><span class='ocrx_word' id='word_1_51' title='bbox 208 1574 446 1645; x_wconf 85' lang='lat' dir='ltr'>credebantur.</span> <span class='ocrx_word' id='word_1_52' title='bbox 511 1569 623 1667; x_wconf 85' lang='lat' dir='ltr'>Igitur</span> <span class='ocrx_word' id='word_1_53' title='bbox 654 1591 788 1642; x_wconf 92' lang='lat' dir='ltr'>amotus</span> <span class='ocrx_word' id='word_1_54' title='bbox 826 1570 1022 1657; x_wconf 86' lang='lat' dir='ltr'>Cercinam,</span> <span class='ocrx_word' id='word_1_55' title='bbox 1060 1567 1174 1643; x_wconf 88' lang='lat' dir='ltr'>Africi</span> 
     </span>
     <span class='ocr_line' id='line_1_10' title="bbox 209 1688 1173 1784; baseline 0 -21"><span class='ocrx_word' id='word_1_56' title='bbox 209 1690 310 1763; x_wconf 92' lang='lat' dir='ltr'>maris</span> <span class='ocrx_word' id='word_1_57' title='bbox 326 1690 487 1778; x_wconf 89' lang='lat' dir='ltr'>insulam,</span> <span class='ocrx_word' id='word_1_58' title='bbox 522 1689 790 1784; x_wconf 92' lang='lat' dir='ltr'>quatuordecim</span> <span class='ocrx_word' id='word_1_59' title='bbox 807 1689 904 1762; x_wconf 90' lang='lat' dir='ltr'>annis</span> <span class='ocrx_word' id='word_1_60' title='bbox 937 1688 1094 1762; x_wconf 80' lang='lat' dir='ltr'>exsilium</span> <span class='ocrx_word' id='word_1_61' title='bbox 1119 1711 1173 1764; x_wconf 88' lang='lat' dir='ltr'>to-</span> 
     </span>
     <span class='ocr_line' id='line_1_11' title="bbox 207 1807 1175 1897; baseline 0.003 -15"><span class='ocrx_word' id='word_1_62' title='bbox 207 1809 338 1882; x_wconf 89' lang='lat' dir='ltr'>leravit.</span> <span class='ocrx_word' id='word_1_63' title='bbox 387 1809 492 1880; x_wconf 93' lang='lat' dir='ltr'>Tunc</span> <span class='ocrx_word' id='word_1_64' title='bbox 506 1807 631 1880; x_wconf 86' lang='lat' dir='ltr'>milites</span> <span class='ocrx_word' id='word_1_65' title='bbox 655 1810 700 1880; x_wconf 89' lang='lat' dir='ltr'>ad</span> <span class='ocrx_word' id='word_1_66' title='bbox 729 1810 861 1881; x_wconf 85' lang='lat' dir='ltr'>caedem</span> <span class='ocrx_word' id='word_1_67' title='bbox 877 1808 978 1897; x_wconf 82' lang='lat' dir='ltr'>mislt,</span> <span class='ocrx_word' id='word_1_68' title='bbox 1012 1809 1175 1885; x_wconf 72' lang='lat' dir='ltr'>invenere</span> 
     </span>
     <span class='ocr_line' id='line_1_12' title="bbox 208 1926 1170 2024; baseline 0.003 -23"><span class='ocrx_word' id='word_1_69' title='bbox 208 1930 244 2001; x_wconf 95' lang='lat' dir='ltr'>in</span> <span class='ocrx_word' id='word_1_70' title='bbox 271 1927 483 2024; x_wconf 89' lang='lat' dir='ltr'>prominenti</span> <span class='ocrx_word' id='word_1_71' title='bbox 516 1926 624 1998; x_wconf 89' lang='lat' dir='ltr'>litoris</span> <span class='ocrx_word' id='word_1_72' title='bbox 652 1926 739 1999; x_wconf 89' lang='lat' dir='ltr'>nihil</span> <span class='ocrx_word' id='word_1_73' title='bbox 768 1929 886 1999; x_wconf 86' lang='lat' dir='ltr'>laetum</span> <span class='ocrx_word' id='word_1_74' title='bbox 910 1928 1170 2024; x_wconf 90' lang='lat' dir='ltr'>opperientem:</span> 
     </span>
     <span class='ocr_line' id='line_1_13' title="bbox 208 2047 1175 2144; baseline 0.006 -26"><span class='ocrx_word' id='word_1_75' title='bbox 208 2072 357 2142; x_wconf 87' lang='lat' dir='ltr'>quorum</span> <span class='ocrx_word' id='word_1_76' title='bbox 381 2048 533 2118; x_wconf 82' lang='lat' dir='ltr'>adventu</span> <span class='ocrx_word' id='word_1_77' title='bbox 573 2049 716 2119; x_wconf 81' lang='lat' dir='ltr'>“breve</span> <span class='ocrx_word' id='word_1_78' title='bbox 741 2049 903 2143; x_wconf 89' lang='lat' dir='ltr'>tempus&#39;&#39;</span> <span class='ocrx_word' id='word_1_79' title='bbox 927 2047 1064 2144; x_wconf 86' lang='lat' dir='ltr'>petivit,</span> <span class='ocrx_word' id='word_1_80' title='bbox 1099 2058 1175 2124; x_wconf 89' lang='lat' dir='ltr'>“ut</span> 
     </span>
     <span class='ocr_line' id='line_1_14' title="bbox 209 2162 1175 2263; baseline 0.005 -27"><span class='ocrx_word' id='word_1_81' title='bbox 209 2162 419 2262; x_wconf 88' lang='lat' dir='ltr'>“suprema</span> <span class='ocrx_word' id='word_1_82' title='bbox 458 2167 624 2237; x_wconf 89' lang='lat' dir='ltr'>mandata</span> <span class='ocrx_word' id='word_1_83' title='bbox 651 2166 752 2237; x_wconf 87' lang='lat' dir='ltr'>uxori</span> <span class='ocrx_word' id='word_1_84' title='bbox 792 2165 944 2238; x_wconf 81' lang='lat' dir='ltr'>Alliariae</span> <span class='ocrx_word' id='word_1_85' title='bbox 969 2192 1031 2263; x_wconf 90' lang='lat' dir='ltr'>per</span> <span class='ocrx_word' id='word_1_86' title='bbox 1062 2167 1175 2242; x_wconf 87' lang='lat' dir='ltr'>literas</span> 
     </span>
     <span class='ocr_line' id='line_1_15' title="bbox 208 2282 1172 2382; baseline 0.001 -24"><span class='ocrx_word' id='word_1_87' title='bbox 208 2291 235 2333; x_wconf 91' lang='lat'><strong>“</strong></span> <span class='ocrx_word' id='word_1_88' title='bbox 260 2288 356 2358; x_wconf 91' lang='lat' dir='ltr'>daret</span> <span class='ocrx_word' id='word_1_89' title='bbox 372 2282 415 2358; x_wconf 82' lang='lat'>:&#39;&#39;</span> <span class='ocrx_word' id='word_1_90' title='bbox 450 2284 693 2382; x_wconf 90' lang='lat' dir='ltr'>cervicemque</span> <span class='ocrx_word' id='word_1_91' title='bbox 736 2285 987 2380; x_wconf 84' lang='lat' dir='ltr'>percussoribus</span> <span class='ocrx_word' id='word_1_92' title='bbox 1031 2287 1172 2377; x_wconf 92' lang='lat' dir='ltr'>obtulit,</span> 
     </span>
     <span class='ocr_line' id='line_1_16' title="bbox 208 2403 1173 2502; baseline 0 -24"><span class='ocrx_word' id='word_1_93' title='bbox 208 2404 396 2478; x_wconf 62' lang='lat' dir='ltr'>constantis</span> <span class='ocrx_word' id='word_1_94' title='bbox 427 2403 545 2476; x_wconf 89' lang='lat' dir='ltr'>mortis</span> <span class='ocrx_word' id='word_1_95' title='bbox 563 2405 657 2476; x_wconf 91' lang='lat' dir='ltr'>haud</span> <span class='ocrx_word' id='word_1_96' title='bbox 673 2403 838 2502; x_wconf 84' lang='lat' dir='ltr'>indignus</span> <span class='ocrx_word' id='word_1_97' title='bbox 872 2405 1077 2501; x_wconf 91' lang='lat' dir='ltr'>Sempronio</span> <span class='ocrx_word' id='word_1_98' title='bbox 1110 2432 1173 2479; x_wconf 90' lang='lat' dir='ltr'>no·</span> 
     </span>
     <span class='ocr_line' id='line_1_17' title="bbox 207 2522 1175 2621; baseline 0.003 -25"><span class='ocrx_word' id='word_1_99' title='bbox 207 2524 323 2609; x_wconf 90' lang='lat' dir='ltr'>mine;</span> <span class='ocrx_word' id='word_1_100' title='bbox 349 2523 421 2595; x_wconf 59' lang='lat' dir='ltr'>viti</span> <span class='ocrx_word' id='word_1_101' title='bbox 448 2524 726 2620; x_wconf 88' lang='lat' dir='ltr'>degeneraverat.</span> <span class='ocrx_word' id='word_1_102' title='bbox 775 2522 931 2621; x_wconf 81' lang='lat' dir='ltr'>Qridam</span> <span class='ocrx_word' id='word_1_103' title='bbox 964 2551 1035 2597; x_wconf 94' lang='lat' dir='ltr'>non</span> <span class='ocrx_word' id='word_1_104' title='bbox 1058 2528 1175 2600; x_wconf 76' lang='lat' dir='ltr'>Roma</span> 
     </span>
     <span class='ocr_line' id='line_1_18' title="bbox 206 2640 1174 2739; baseline -0.001 -22"><span class='ocrx_word' id='word_1_105' title='bbox 206 2669 265 2717; x_wconf 82' lang='lat' dir='ltr'>eos</span> <span class='ocrx_word' id='word_1_106' title='bbox 281 2643 420 2731; x_wconf 84' lang='lat' dir='ltr'>milites,</span> <span class='ocrx_word' id='word_1_107' title='bbox 437 2641 495 2714; x_wconf 91' lang='lat' dir='ltr'>sed</span> <span class='ocrx_word' id='word_1_108' title='bbox 511 2646 556 2715; x_wconf 89' lang='lat' dir='ltr'>ab</span> <span class='ocrx_word' id='word_1_109' title='bbox 572 2645 618 2715; x_wconf 91' lang='lat' dir='ltr'>L.</span> <span class='ocrx_word' id='word_1_110' title='bbox 633 2640 836 2739; x_wconf 87' lang='lat' dir='ltr'>Asprenate,</span> <span class='ocrx_word' id='word_1_111' title='bbox 855 2643 1058 2739; x_wconf 90' lang='lat' dir='ltr'>proconsule</span> <span class='ocrx_word' id='word_1_112' title='bbox 1079 2643 1174 2717; x_wconf 84' lang='lat' dir='ltr'>Afri-</span> 
     </span>
     <span class='ocr_line' id='line_1_19' title="bbox 207 2760 1174 2859; baseline 0 -23"><span class='ocrx_word' id='word_1_113' title='bbox 207 2789 272 2851; x_wconf 85' lang='lat' dir='ltr'>cae,</span> <span class='ocrx_word' id='word_1_114' title='bbox 292 2761 407 2834; x_wconf 86' lang='lat' dir='ltr'>missos</span> <span class='ocrx_word' id='word_1_115' title='bbox 425 2762 610 2848; x_wconf 72' lang='lat' dir='ltr'>tradidere,</span> <span class='ocrx_word' id='word_1_116' title='bbox 635 2763 775 2833; x_wconf 69' lang='lat' dir='ltr'>austore</span> <span class='ocrx_word' id='word_1_117' title='bbox 790 2760 948 2851; x_wconf 92' lang='lat' dir='ltr'>Tiberio,</span> <span class='ocrx_word' id='word_1_118' title='bbox 968 2763 1028 2859; x_wconf 92' lang='lat' dir='ltr'>qui</span> <span class='ocrx_word' id='word_1_119' title='bbox 1044 2762 1174 2836; x_wconf 87' lang='lat' dir='ltr'>samam</span> 
     </span>
     <span class='ocr_line' id='line_1_20' title="bbox 127 2879 1173 2979; baseline 0.002 -26"><span class='ocrx_word' id='word_1_120' title='bbox 127 2973 128 2976; x_wconf 8' lang='grc' dir='ltr'><strong>Ἴ</strong></span> <span class='ocrx_word' id='word_1_121' title='bbox 206 2882 310 2954; x_wconf 87' lang='lat' dir='ltr'>caedis</span> <span class='ocrx_word' id='word_1_122' title='bbox 336 2882 430 2979; x_wconf 88' lang='lat' dir='ltr'>poffe</span> <span class='ocrx_word' id='word_1_123' title='bbox 456 2879 492 2952; x_wconf 91' lang='lat' dir='ltr'>in</span> <span class='ocrx_word' id='word_1_124' title='bbox 517 2879 744 2975; x_wconf 86' lang='lat' dir='ltr'>Asprenatem</span> <span class='ocrx_word' id='word_1_125' title='bbox 778 2880 880 2970; x_wconf 87' lang='lat' dir='ltr'>verti,</span> <span class='ocrx_word' id='word_1_126' title='bbox 916 2879 1036 2955; x_wconf 88' lang='lat' dir='ltr'>frustra</span> <span class='ocrx_word' id='word_1_127' title='bbox 1063 2880 1173 2979; x_wconf 87' lang='lat' dir='ltr'>spera-</span> 
     </span>
     <span class='ocr_line' id='line_1_21' title="bbox 206 3023 313 3074; baseline -0.019 0"><span class='ocrx_word' id='word_1_128' title='bbox 206 3023 313 3074; x_wconf 86' lang='lat' dir='ltr'>verat.</span> 
     </span>
    </p>

    <p class='ocr_par' dir='ltr' id='par_1_3' title="bbox 203 3118 1174 4043">
     <span class='ocr_line' id='line_1_22' title="bbox 253 3118 1173 3217; baseline -0.001 -24"><span class='ocrx_word' id='word_1_129' title='bbox 253 3122 350 3193; x_wconf 89' lang='lat' dir='ltr'><strong>LIV.</strong></span> <span class='ocrx_word' id='word_1_130' title='bbox 384 3121 488 3192; x_wconf 77' lang='lat' dir='ltr'>Inani</span> <span class='ocrx_word' id='word_1_131' title='bbox 515 3144 624 3192; x_wconf 89' lang='lat' dir='ltr'>annus</span> <span class='ocrx_word' id='word_1_132' title='bbox 653 3145 761 3192; x_wconf 88' lang='lat' dir='ltr'>novas</span> <span class='ocrx_word' id='word_1_133' title='bbox 786 3118 998 3193; x_wconf 70' lang='lat' dir='ltr'>caerimonias</span> <span class='ocrx_word' id='word_1_134' title='bbox 1023 3120 1173 3217; x_wconf 85' lang='lat' dir='ltr'>accepit,</span> 
     </span>
     <span class='ocr_line' id='line_1_23' title="bbox 206 3237 1173 3337; baseline -0.001 -25"><span class='ocrx_word' id='word_1_135' title='bbox 206 3239 326 3312; x_wconf 91' lang='lat' dir='ltr'>addito</span> <span class='ocrx_word' id='word_1_136' title='bbox 365 3237 535 3311; x_wconf 90' lang='lat' dir='ltr'>sodalium</span> <span class='ocrx_word' id='word_1_137' title='bbox 580 3239 829 3337; x_wconf 85' lang='lat' dir='ltr'>Augustalium</span> <span class='ocrx_word' id='word_1_138' title='bbox 866 3237 1084 3324; x_wconf 88' lang='lat' dir='ltr'>sacerdotio;</span> <span class='ocrx_word' id='word_1_139' title='bbox 1134 3261 1173 3311; x_wconf 93' lang='lat' dir='ltr'>ut</span> 
     </span>
     <span class='ocr_line' id='line_1_24' title="bbox 207 3356 1173 3454; baseline 0 -24"><span class='ocrx_word' id='word_1_140' title='bbox 207 3360 387 3454; x_wconf 90' lang='lat' dir='ltr'>quondam</span> <span class='ocrx_word' id='word_1_141' title='bbox 404 3358 451 3429; x_wconf 91' lang='lat' dir='ltr'>T.</span> <span class='ocrx_word' id='word_1_142' title='bbox 468 3357 591 3430; x_wconf 90' lang='lat' dir='ltr'>Tatius</span> <span class='ocrx_word' id='word_1_143' title='bbox 618 3356 803 3431; x_wconf 86' lang='lat' dir='ltr'>retinendis</span> <span class='ocrx_word' id='word_1_144' title='bbox 824 3357 1030 3431; x_wconf 89' lang='lat' dir='ltr'>Sabinorum</span> <span class='ocrx_word' id='word_1_145' title='bbox 1059 3356 1173 3446; x_wconf 87' lang='lat' dir='ltr'>sacris,</span> 
     </span>
     <span class='ocr_line' id='line_1_25' title="bbox 203 3474 1172 3573; baseline 0.001 -25"><span class='ocrx_word' id='word_1_146' title='bbox 203 3474 334 3549; x_wconf 88' lang='lat' dir='ltr'>sodales</span> <span class='ocrx_word' id='word_1_147' title='bbox 357 3476 479 3549; x_wconf 89' lang='lat' dir='ltr'>Tatios</span> <span class='ocrx_word' id='word_1_148' title='bbox 495 3476 709 3550; x_wconf 87' lang='lat' dir='ltr'>instituerat:</span> <span class='ocrx_word' id='word_1_149' title='bbox 736 3475 823 3550; x_wconf 93' lang='lat' dir='ltr'>sorte</span> <span class='ocrx_word' id='word_1_150' title='bbox 849 3477 946 3551; x_wconf 76' lang='lat' dir='ltr'>ducti</span> <span class='ocrx_word' id='word_1_151' title='bbox 971 3477 1172 3573; x_wconf 88' lang='lat' dir='ltr'>eprimori·</span> 
     </span>
     <span class='ocr_line' id='line_1_26' title="bbox 205 3594 1174 3693; baseline -0.001 -24"><span class='ocrx_word' id='word_1_152' title='bbox 205 3597 270 3669; x_wconf 90' lang='lat' dir='ltr'>bus</span> <span class='ocrx_word' id='word_1_153' title='bbox 287 3595 436 3668; x_wconf 90' lang='lat' dir='ltr'>civitatis</span> <span class='ocrx_word' id='word_1_154' title='bbox 463 3622 552 3669; x_wconf 90' lang='lat' dir='ltr'>unus</span> <span class='ocrx_word' id='word_1_155' title='bbox 581 3601 614 3669; x_wconf 76' lang='grc' dir='ltr'>δι</span> <span class='ocrx_word' id='word_1_156' title='bbox 642 3595 779 3693; x_wconf 84' lang='lat' dir='ltr'>viginti.</span> <span class='ocrx_word' id='word_1_157' title='bbox 827 3595 1004 3686; x_wconf 92' lang='lat' dir='ltr'>Tiberius,</span> <span class='ocrx_word' id='word_1_158' title='bbox 1028 3594 1174 3670; x_wconf 88' lang='lat' dir='ltr'>Drusus-</span> 
     </span>
     <span class='ocr_line' id='line_1_27' title="bbox 207 3715 1172 3815; baseline 0.002 -28"><span class='ocrx_word' id='word_1_159' title='bbox 207 3739 289 3811; x_wconf 91' lang='lat' dir='ltr'>que,</span> <span class='ocrx_word' id='word_1_160' title='bbox 333 3720 366 3787; x_wconf 89' lang='lat'>&amp;</span> <span class='ocrx_word' id='word_1_161' title='bbox 396 3715 578 3803; x_wconf 90' lang='lat' dir='ltr'>Claudius,</span> <span class='ocrx_word' id='word_1_162' title='bbox 618 3718 651 3786; x_wconf 76' lang='grc' dir='ltr'>δι</span> <span class='ocrx_word' id='word_1_163' title='bbox 689 3715 918 3790; x_wconf 90' lang='lat' dir='ltr'>Germanicus</span> <span class='ocrx_word' id='word_1_164' title='bbox 953 3715 1172 3815; x_wconf 88' lang='lat' dir='ltr'>adjiciuntur.</span> 
     </span>
     <span class='ocr_line' id='line_1_28' title="bbox 205 3833 1173 3932; baseline 0 -27"><span class='ocrx_word' id='word_1_165' title='bbox 205 3835 329 3906; x_wconf 88' lang='lat' dir='ltr'>Ludos</span> <span class='ocrx_word' id='word_1_166' title='bbox 347 3833 567 3931; x_wconf 81' lang='lat' dir='ltr'>Augustales,</span> <span class='ocrx_word' id='word_1_167' title='bbox 593 3854 676 3908; x_wconf 89' lang='lat' dir='ltr'>tunc</span> <span class='ocrx_word' id='word_1_168' title='bbox 704 3833 855 3929; x_wconf 80' lang='lat' dir='ltr'>primum</span> <span class='ocrx_word' id='word_1_169' title='bbox 883 3857 1000 3932; x_wconf 87' lang='lat' dir='ltr'>coepta</span> <span class='ocrx_word' id='word_1_170' title='bbox 1023 3833 1173 3908; x_wconf 88' lang='lat' dir='ltr'>turbavit</span> 
     </span>
     <span class='ocr_line' id='line_1_29' title="bbox 205 3950 1172 4043; baseline 0.003 -18"><span class='ocrx_word' id='word_1_171' title='bbox 205 3950 386 4043; x_wconf 86' lang='lat' dir='ltr'>discordia,</span> <span class='ocrx_word' id='word_1_172' title='bbox 406 3979 449 4026; x_wconf 85' lang='lat' dir='ltr'>ex</span> <span class='ocrx_word' id='word_1_173' title='bbox 468 3951 653 4027; x_wconf 88' lang='lat' dir='ltr'>certamine</span> <span class='ocrx_word' id='word_1_174' title='bbox 674 3952 889 4029; x_wconf 87' lang='lat' dir='ltr'>histrionum.</span> <span class='ocrx_word' id='word_1_175' title='bbox 936 3954 1125 4029; x_wconf 88' lang='lat' dir='ltr'>Indulserat</span> <span class='ocrx_word' id='word_1_176' title='bbox 1141 3953 1172 4028; x_wconf 91' lang='lat' dir='ltr'>ei</span> 
     </span>
    </p>
   </div>
   <div class='ocr_carea' id='block_1_3' title="bbox 0 0 1498 5138">
    <p class='ocr_par' dir='ltr' id='par_1_4' title="bbox 0 0 1498 5138">
     <span class='ocr_line' id='line_1_30' title="bbox 0 0 1498 5138; baseline 0 0"><span class='ocrx_word' id='word_1_177' title='bbox 0 0 1498 5138; x_wconf 95' lang='lat' dir='ltr'> </span> 
     </span>
    </p>
   </div>
  </div>
 </body>
</html>
