2986 5138
409 555 941 631 Asnnrruanu
1089 576 1158 653 205

190 737 219 774 “
238 729 389 804 milites:
417 732 509 804 cerni
526 731 676 830 effigiem
694 730 765 829 ejus
788 731 824 803 in
843 729 1069 804 monimentis
1092 733 1158 804 Cn.

189 857 217 899 “
235 850 416 946 Pompeii:
445 876 649 924 communes
667 851 715 922 illi
733 876 814 923 cum
828 848 957 921 familias
969 849 1160 925 Drusorum

134 1033 136 1037 ,
187 976 216 1013 “
235 969 307 1042 fore
325 990 489 1066 nepotes:
518 970 727 1065 precandam
745 971 823 1065 post
846 971 920 1040 haec
937 968 1158 1059 modestiam,

188 1096 216 1133 “
234 1111 272 1162 ut
289 1109 470 1162 contentus
499 1090 617 1160 effet.'’
666 1091 794 1185 Neque
812 1087 900 1175 rard,
927 1112 1041 1183 neque
1065 1090 1160 1183 apud

186 1233 317 1307 paucos
337 1209 417 1279 talia
427 1205 599 1303 jaciebat:
629 1211 661 1279 &
679 1206 804 1279 secreta
821 1230 962 1301 quoque
980 1202 1065 1301 ejus,
1084 1231 1158 1278 cor-

186 1331 286 1423 rupta
310 1353 431 1415 uxore,
459 1328 706 1423 prodebantur.

235 1448 330 1518 VIII.
350 1448 490 1518 Iorrun
510 1443 648 1542 Sejanus
662 1445 906 1517 maturandum
920 1464 1024 1533 ratus,
1036 1444 1159 1542 deligit

186 1590 375 1652 venenum,
391 1589 463 1661 quo
481 1564 660 1659 paullatim
678 1564 868 1659 inrepente,
887 1561 1045 1635 fortuitus
1062 1590 1156 1637 mor·

185 1686 251 1756 bus
273 1684 557 1756 adsimularetur:
585 1682 622 1754 id
641 1680 752 1755 Druso
768 1682 890 1754 datum
908 1707 970 1778 per
985 1684 1158 1781 Lygdum

182 1802 386 1899 spadonem,
412 1822 450 1873 ut
467 1803 547 1873 odo
564 1800 639 1898 post
655 1825 764 1873 annos
780 1801 963 1897 cognitum
981 1801 1038 1874 est.
1089 1804 1156 1875 Ce-

92 1958 102 1977 ι
183 1921 298 1994 terum
325 1919 490 1993 Tiberius
518 1946 578 2016 per
596 1945 717 1992 omnes
749 1917 957 1991 valetudinis
979 1916 1050 2016 ejus
1068 1920 1156 2010 dies,

183 2043 281 2114 nullo
299 2060 409 2129 metu,
437 2066 480 2112 an
505 2060 543 2112 ut
561 2038 816 2112 firmitudinem
832 2036 939 2110 animi
957 2037 1155 2130 ostentaret,

183 2160 289 2232 etiam
317 2156 496 2248 defuneto,
523 2159 675 2230 necdum
698 2156 847 2253 sepulto,
873 2155 1005 2229 curiam
1028 2157 1156 2256 ingres-

183 2279 236 2352 sus
260 2278 332 2350 est:
361 2276 596 2373 consulesque,
634 2275 712 2348 sede
741 2275 893 2372 vulgari,
919 2301 982 2372 per
1004 2273 1156 2373 speciem

182 2397 350 2470 maestitiae
370 2395 537 2501 sedentes,
564 2395 706 2467 honoris
723 2395 862 2491 locique
885 2395 1091 2482 admonuit3
1120 2403 1153 2471 δι

181 2516 326 2589 effusum
344 2516 381 2587 in
397 2515 554 2587 lacrimas
571 2512 739 2604 senatum,
766 2513 860 2586 vido
879 2515 1027 2612 gemitu,
1055 2519 1155 2589 simul

182 2635 336 2708 oratione
353 2634 519 2706 continu&
535 2633 654 2705 erexit.
705 2641 733 2675 “
753 2636 839 2706 Non
856 2633 1001 2731 quidem
1018 2635 1079 2708 srbi
1098 2635 1153 2733 ig-

182 2761 211 2795 “
230 2777 366 2839 narum,
393 2754 487 2847 posse
514 2746 758 2850 argui,‘qudd
783 2774 856 2826 tarn
880 2754 1007 2827 recenti
1032 2755 1154 2828 dolore

182 2877 210 2913 “
229 2869 369 2944 subierit
387 2871 506 2942 oculos
522 2868 679 2942 senatsts:
708 2871 770 2944 vix
789 2873 1069 2969 propinquorum
1091 2875 1153 2947 ad·

182 2996 210 3033 ‘⁶
229 2989 348 3085 loquia
372 2988 524 3078 tolerari,
551 2988 613 3061 vix
631 2989 726 3062 diem
744 2989 847 3086 aspici
871 3017 892 3062 a
909 2990 1077 3088 plerisque
1100 2993 1153 3064 lu-

181 3114 209 3151 “
229 3107 413 3205 gentium:
458 3133 571 3203 neque
603 3107 681 3180 illos
709 3109 956 3183 imbecillitatis
984 3112 1152 3184 damnan-

180 3235 209 3272 “
228 3229 316 3312 dos;
343 3224 376 3298 se
392 3246 508 3298 tamen
525 3225 669 3299 fortiora
684 3225 801 3300 solatia
823 3253 842 3301 e
866 3231 1057 3325 complexu
1085 3230 1151 3302 rei-

180 3354 208 3391 “
227 3344 377 3442 publicae
406 3343 597 3439 petiviffe.''
646 3344 898 3442 Miseratusque
935 3354 963 3389 “
983 3347 1150 3444 Augustae

179 3472 207 3509 “
231 3485 426 3538 extremam
438 3461 621 3552 senectam,
641 3465 763 3536 rudem
776 3465 889 3537 adhuc
907 3486 1090 3561 nepotum,
1117 3471 1152 3540 δι

179 3591 431 3681 “vergentem
454 3601 589 3654 aetatem
612 3579 721 3670 suam,
747 3602 786 3654 ut
810 3583 1013 3656 Germanici
1032 3583 1149 3674 liberi,

177 3703 327 3775 “unica
355 3700 573 3798 praesentium
598 3701 771 3773 malorum
804 3702 1013 3791 levamenta,
1046 3701 1150 3775 indu·

178 3805 207 3865 3‘
225 3823 424 3911 cerentur,''
450 3820 584 3917 petivit.
600 3821 730 3916 Egreffi
747 3817 902 3892 consules
915 3822 1070 3893 firmatos
1087 3822 1149 3894 ad-

178 3941 299 4037 loquio
329 3937 615 4031 adolescentulos,
651 3935 887 4036 deduttosque
923 3957 1002 4014 ante
1036 3939 1148 4015 Caesa·
