<?xml version="1.0" encoding="UTF-8"?>
<!DOCTYPE html PUBLIC "-//W3C//DTD XHTML 1.0 Transitional//EN"
    "http://www.w3.org/TR/xhtml1/DTD/xhtml1-transitional.dtd">
<html xmlns="http://www.w3.org/1999/xhtml" xml:lang="en" lang="en">
 <head>
  <title>
</title>
<meta http-equiv="Content-Type" content="text/html;charset=utf-8" />
  <meta name='ocr-system' content='tesseract 3.04.00' />
  <meta name='ocr-capabilities' content='ocr_page ocr_carea ocr_par ocr_line ocrx_word'/>
</head>
<body>
  <div class='ocr_page' id='page_1' title='image "./ccorneliitaciti03ernegoog_0054.png"; bbox 0 0 2986 5138; ppageno 0'>
   <div class='ocr_carea' id='block_1_1' title="bbox 1124 614 1176 690">
    <p class='ocr_par' dir='ltr' id='par_1_1' title="bbox 1124 614 1176 690">
     <span class='ocr_line' id='line_1_1' title="bbox 1124 614 1176 690; baseline 0 -1"><span class='ocrx_word' id='word_1_1' title='bbox 1124 614 1176 690; x_wconf 82' lang='lat' dir='ltr'>xli</span> 
     </span>
    </p>
   </div>
   <div class='ocr_carea' id='block_1_2' title="bbox 189 806 1170 1147">
    <p class='ocr_par' dir='ltr' id='par_1_2' title="bbox 189 806 1170 1147">
     <span class='ocr_line' id='line_1_2' title="bbox 189 806 1170 905; baseline 0.002 -23"><span class='ocrx_word' id='word_1_2' title='bbox 189 829 311 882; x_wconf 87' lang='lat' dir='ltr'>tarem.</span> <span class='ocrx_word' id='word_1_3' title='bbox 356 808 425 881; x_wconf 87' lang='lat' dir='ltr'>Sed</span> <span class='ocrx_word' id='word_1_4' title='bbox 452 807 583 883; x_wconf 89' lang='lat' dir='ltr'>deinde</span> <span class='ocrx_word' id='word_1_5' title='bbox 614 806 661 882; x_wconf 92' lang='lat' dir='ltr'>ita</span> <span class='ocrx_word' id='word_1_6' title='bbox 689 808 798 905; x_wconf 87' lang='lat' dir='ltr'>reperi</span> <span class='ocrx_word' id='word_1_7' title='bbox 823 807 973 898; x_wconf 83' lang='lat' dir='ltr'>differte,</span> <span class='ocrx_word' id='word_1_8' title='bbox 1000 807 1170 884; x_wconf 87' lang='lat' dir='ltr'>utillum</span> 
     </span>
     <span class='ocr_line' id='line_1_3' title="bbox 189 926 889 1023; baseline 0.001 -22"><span class='ocrx_word' id='word_1_9' title='bbox 189 928 320 1004; x_wconf 88' lang='lat' dir='ltr'>librum</span> <span class='ocrx_word' id='word_1_10' title='bbox 337 929 467 1003; x_wconf 86' lang='lat' dir='ltr'>abhoc</span> <span class='ocrx_word' id='word_1_11' title='bbox 485 926 661 1002; x_wconf 89' lang='lat' dir='ltr'>diversum</span> <span class='ocrx_word' id='word_1_12' title='bbox 678 928 889 1023; x_wconf 87' lang='lat' dir='ltr'>judicarem.</span> 
     </span>
     <span class='ocr_line' id='line_1_4' title="bbox 803 1047 1121 1147; baseline 0.013 -27"><span class='ocrx_word' id='word_1_13' title='bbox 803 1047 940 1120; x_wconf 89' lang='lat' dir='ltr'>Ernesti</span> <span class='ocrx_word' id='word_1_14' title='bbox 956 1074 1035 1147; x_wconf 86' lang='lat' dir='ltr'><strong>pag.</strong></span> <span class='ocrx_word' id='word_1_15' title='bbox 1060 1078 1121 1145; x_wconf 84' lang='lat'>44.</span> 
     </span>
    </p>
   </div>
   <div class='ocr_carea' id='block_1_3' title="bbox 385 1287 976 1385">
    <p class='ocr_par' dir='ltr' id='par_1_3' title="bbox 385 1287 976 1385">
     <span class='ocr_line' id='line_1_5' title="bbox 385 1287 976 1385; baseline -0.003 -23"><span class='ocrx_word' id='word_1_16' title='bbox 385 1293 440 1362; x_wconf 84' lang='lat' dir='ltr'>De</span> <span class='ocrx_word' id='word_1_17' title='bbox 461 1289 592 1385; x_wconf 86' lang='lat' dir='ltr'>vulgata</span> <span class='ocrx_word' id='word_1_18' title='bbox 606 1289 682 1379; x_wconf 85' lang='lat' dir='ltr'>stve</span> <span class='ocrx_word' id='word_1_19' title='bbox 697 1300 822 1383; x_wconf 83' lang='lat' dir='ltr'>recepta</span> <span class='ocrx_word' id='word_1_20' title='bbox 836 1287 976 1360; x_wconf 57' lang='lat' dir='ltr'>lenione.</span> 
     </span>
    </p>
   </div>
   <div class='ocr_carea' id='block_1_4' title="bbox 188 1524 1204 4009">
    <p class='ocr_par' dir='ltr' id='par_1_4' title="bbox 188 1524 1204 4009">
     <span class='ocr_line' id='line_1_6' title="bbox 240 1524 1172 1624; baseline -0.002 -21"><span class='ocrx_word' id='word_1_21' title='bbox 240 1530 350 1604; x_wconf 87' lang='lat' dir='ltr'>Libet</span> <span class='ocrx_word' id='word_1_22' title='bbox 378 1553 520 1602; x_wconf 87' lang='lat' dir='ltr'>monere</span> <span class='ocrx_word' id='word_1_23' title='bbox 549 1525 732 1614; x_wconf 89' lang='lat' dir='ltr'>studiosos,</span> <span class='ocrx_word' id='word_1_24' title='bbox 767 1547 808 1600; x_wconf 93' lang='lat' dir='ltr'>ut</span> <span class='ocrx_word' id='word_1_25' title='bbox 840 1524 986 1612; x_wconf 84' lang='lat' dir='ltr'>discant,</span> <span class='ocrx_word' id='word_1_26' title='bbox 1013 1549 1172 1624; x_wconf 77' lang='lat' dir='ltr'>quaeres</span> 
     </span>
     <span class='ocr_line' id='line_1_7' title="bbox 189 1646 1171 1746; baseline -0.003 -24"><span class='ocrx_word' id='word_1_27' title='bbox 189 1651 229 1722; x_wconf 86' lang='lat' dir='ltr'>fit</span> <span class='ocrx_word' id='word_1_28' title='bbox 252 1675 304 1736; x_wconf 91' lang='lat' dir='ltr'>ea,</span> <span class='ocrx_word' id='word_1_29' title='bbox 331 1673 440 1746; x_wconf 88' lang='lat' dir='ltr'>quam</span> <span class='ocrx_word' id='word_1_30' title='bbox 465 1648 627 1743; x_wconf 81' lang='lat' dir='ltr'><em>vulgatam</em></span> <span class='ocrx_word' id='word_1_31' title='bbox 650 1648 727 1735; x_wconf 73' lang='lat' dir='ltr'>save</span> <span class='ocrx_word' id='word_1_32' title='bbox 751 1659 905 1741; x_wconf 81' lang='lat' dir='ltr'>receptam</span> <span class='ocrx_word' id='word_1_33' title='bbox 936 1648 1093 1718; x_wconf 72' lang='lat' dir='ltr'>lellionem</span> <span class='ocrx_word' id='word_1_34' title='bbox 1118 1646 1171 1719; x_wconf 90' lang='lat' dir='ltr'>di-</span> 
     </span>
     <span class='ocr_line' id='line_1_8' title="bbox 189 1763 1170 1864; baseline -0.001 -23"><span class='ocrx_word' id='word_1_35' title='bbox 189 1790 282 1855; x_wconf 89' lang='lat' dir='ltr'>cant,</span> <span class='ocrx_word' id='word_1_36' title='bbox 309 1792 417 1864; x_wconf 86' lang='lat' dir='ltr'>quarn</span> <span class='ocrx_word' id='word_1_37' title='bbox 444 1787 515 1839; x_wconf 91' lang='lat' dir='ltr'>tam</span> <span class='ocrx_word' id='word_1_38' title='bbox 533 1763 620 1861; x_wconf 84' lang='lat' dir='ltr'>saepe</span> <span class='ocrx_word' id='word_1_39' title='bbox 638 1763 676 1836; x_wconf 92' lang='lat' dir='ltr'>in</span> <span class='ocrx_word' id='word_1_40' title='bbox 701 1790 761 1837; x_wconf 86' lang='lat' dir='ltr'>ore</span> <span class='ocrx_word' id='word_1_41' title='bbox 782 1765 935 1837; x_wconf 84' lang='lat' dir='ltr'>habeant</span> <span class='ocrx_word' id='word_1_42' title='bbox 950 1763 1104 1860; x_wconf 89' lang='lat' dir='ltr'>impetiti</span> <span class='ocrx_word' id='word_1_43' title='bbox 1122 1766 1170 1840; x_wconf 92' lang='lat' dir='ltr'>rei</span> 
     </span>
     <span class='ocr_line' id='line_1_9' title="bbox 190 1880 1173 1981; baseline -0.002 -20"><span class='ocrx_word' id='word_1_44' title='bbox 190 1886 343 1974; x_wconf 82' lang='lat' dir='ltr'>Criticae,</span> <span class='ocrx_word' id='word_1_45' title='bbox 382 1887 482 1980; x_wconf 90' lang='lat' dir='ltr'>cujus</span> <span class='ocrx_word' id='word_1_46' title='bbox 520 1905 651 1956; x_wconf 83' lang='lat' dir='ltr'>tantam</span> <span class='ocrx_word' id='word_1_47' title='bbox 681 1880 909 1956; x_wconf 88' lang='lat' dir='ltr'>reverentiam</span> <span class='ocrx_word' id='word_1_48' title='bbox 938 1883 1095 1981; x_wconf 82' lang='lat' dir='ltr'>plerique</span> <span class='ocrx_word' id='word_1_49' title='bbox 1125 1884 1173 1960; x_wconf 89' lang='lat' dir='ltr'>ita</span> 
     </span>
     <span class='ocr_line' id='line_1_10' title="bbox 190 2000 1204 2103; baseline -0.001 -24"><span class='ocrx_word' id='word_1_50' title='bbox 190 2009 430 2103; x_wconf 88' lang='lat' dir='ltr'>profiteantur,</span> <span class='ocrx_word' id='word_1_51' title='bbox 446 2023 486 2076; x_wconf 94' lang='lat' dir='ltr'>ut</span> <span class='ocrx_word' id='word_1_52' title='bbox 504 2001 731 2076; x_wconf 90' lang='lat' dir='ltr'>reverentiam</span> <span class='ocrx_word' id='word_1_53' title='bbox 745 2026 825 2098; x_wconf 90' lang='lat' dir='ltr'>erga</span> <span class='ocrx_word' id='word_1_54' title='bbox 837 2000 987 2075; x_wconf 68' lang='lat' dir='ltr'>austoris</span> <span class='ocrx_word' id='word_1_55' title='bbox 1004 2003 1174 2101; x_wconf 87' lang='lat' dir='ltr'>cujusque</span> <span class='ocrx_word' id='word_1_56' title='bbox 1201 2008 1204 2013; x_wconf 77' lang='grc'>’</span> 
     </span>
     <span class='ocr_line' id='line_1_11' title="bbox 190 2121 1171 2220; baseline 0 -22"><span class='ocrx_word' id='word_1_57' title='bbox 190 2125 298 2199; x_wconf 87' lang='lat' dir='ltr'>libros</span> <span class='ocrx_word' id='word_1_58' title='bbox 316 2127 413 2197; x_wconf 91' lang='lat' dir='ltr'>nulla</span> <span class='ocrx_word' id='word_1_59' title='bbox 429 2122 466 2196; x_wconf 92' lang='lat' dir='ltr'>in</span> <span class='ocrx_word' id='word_1_60' title='bbox 483 2148 520 2196; x_wconf 90' lang='lat' dir='ltr'>re</span> <span class='ocrx_word' id='word_1_61' title='bbox 537 2121 651 2220; x_wconf 91' lang='lat' dir='ltr'>magis</span> <span class='ocrx_word' id='word_1_62' title='bbox 673 2140 819 2218; x_wconf 89' lang='lat' dir='ltr'>ponant,</span> <span class='ocrx_word' id='word_1_63' title='bbox 845 2144 954 2215; x_wconf 87' lang='lat' dir='ltr'>quam</span> <span class='ocrx_word' id='word_1_64' title='bbox 972 2121 1009 2194; x_wconf 92' lang='lat' dir='ltr'>in</span> <span class='ocrx_word' id='word_1_65' title='bbox 1036 2122 1171 2198; x_wconf 87' lang='lat' dir='ltr'>conset·</span> 
     </span>
     <span class='ocr_line' id='line_1_12' title="bbox 189 2239 1172 2341; baseline 0.001 -24"><span class='ocrx_word' id='word_1_66' title='bbox 189 2243 311 2317; x_wconf 90' lang='lat' dir='ltr'>vandis</span> <span class='ocrx_word' id='word_1_67' title='bbox 343 2269 468 2317; x_wconf 89' lang='lat' dir='ltr'>eorum</span> <span class='ocrx_word' id='word_1_68' title='bbox 500 2240 594 2315; x_wconf 91' lang='lat' dir='ltr'>vitiis</span> <span class='ocrx_word' id='word_1_69' title='bbox 625 2239 804 2313; x_wconf 89' lang='lat' dir='ltr'>omnibus.</span> <span class='ocrx_word' id='word_1_70' title='bbox 856 2244 946 2314; x_wconf 88' lang='lat' dir='ltr'>Vere</span> <span class='ocrx_word' id='word_1_71' title='bbox 978 2241 1082 2329; x_wconf 89' lang='lat' dir='ltr'>dixit,</span> <span class='ocrx_word' id='word_1_72' title='bbox 1109 2244 1172 2341; x_wconf 92' lang='lat' dir='ltr'>qui</span> 
     </span>
     <span class='ocr_line' id='line_1_13' title="bbox 191 2358 1170 2459; baseline 0 -23"><span class='ocrx_word' id='word_1_73' title='bbox 191 2363 351 2437; x_wconf 82' lang='lat' dir='ltr'>homines</span> <span class='ocrx_word' id='word_1_74' title='bbox 364 2364 576 2459; x_wconf 90' lang='lat' dir='ltr'>plerumque</span> <span class='ocrx_word' id='word_1_75' title='bbox 593 2359 723 2433; x_wconf 88' lang='lat' dir='ltr'>nescire</span> <span class='ocrx_word' id='word_1_76' title='bbox 739 2358 843 2447; x_wconf 85' lang='lat' dir='ltr'>dixit,</span> <span class='ocrx_word' id='word_1_77' title='bbox 862 2360 951 2456; x_wconf 90' lang='lat' dir='ltr'>quid</span> <span class='ocrx_word' id='word_1_78' title='bbox 969 2360 1030 2435; x_wconf 88' lang='lat' dir='ltr'>libi</span> <span class='ocrx_word' id='word_1_79' title='bbox 1047 2362 1170 2451; x_wconf 89' lang='lat' dir='ltr'>velint,</span> 
     </span>
     <span class='ocr_line' id='line_1_14' title="bbox 190 2452 1169 2579; baseline 0 -23"><span class='ocrx_word' id='word_1_80' title='bbox 190 2507 274 2557; x_wconf 89' lang='lat' dir='ltr'>cum</span> <span class='ocrx_word' id='word_1_81' title='bbox 289 2482 334 2555; x_wconf 93' lang='lat' dir='ltr'>de</span> <span class='ocrx_word' id='word_1_82' title='bbox 348 2501 487 2577; x_wconf 89' lang='lat' dir='ltr'>recepta</span> <span class='ocrx_word' id='word_1_83' title='bbox 503 2477 653 2552; x_wconf 73' lang='lat' dir='ltr'>lectione</span> <span class='ocrx_word' id='word_1_84' title='bbox 670 2452 887 2577; x_wconf 75' lang='lat' dir='ltr'>vulgatoque</span> <span class='ocrx_word' id='word_1_85' title='bbox 903 2500 1002 2553; x_wconf 88' lang='lat' dir='ltr'>textu</span> <span class='ocrx_word' id='word_1_86' title='bbox 1021 2482 1169 2579; x_wconf 89' lang='lat' dir='ltr'>loquan-</span> 
     </span>
     <span class='ocr_line' id='line_1_15' title="bbox 189 2598 1169 2696; baseline 0 -21"><span class='ocrx_word' id='word_1_87' title='bbox 189 2623 259 2676; x_wconf 85' lang='lat' dir='ltr'>tur.</span> <span class='ocrx_word' id='word_1_88' title='bbox 309 2602 526 2696; x_wconf 86' lang='lat' dir='ltr'>Plerumque</span> <span class='ocrx_word' id='word_1_89' title='bbox 542 2598 725 2696; x_wconf 89' lang='lat' dir='ltr'>vulgatam</span> <span class='ocrx_word' id='word_1_90' title='bbox 738 2601 961 2695; x_wconf 86' lang='lat' dir='ltr'>&amp;receptam</span> <span class='ocrx_word' id='word_1_91' title='bbox 980 2600 1169 2675; x_wconf 70' lang='lat' dir='ltr'>rectionem</span> 
     </span>
     <span class='ocr_line' id='line_1_16' title="bbox 189 2715 1169 2816; baseline 0.001 -22"><span class='ocrx_word' id='word_1_92' title='bbox 189 2719 350 2794; x_wconf 90' lang='lat' dir='ltr'>homines</span> <span class='ocrx_word' id='word_1_93' title='bbox 376 2717 728 2816; x_wconf 8' lang='lat' dir='ltr'>intelligunt,gquam</span> <span class='ocrx_word' id='word_1_94' title='bbox 755 2717 792 2790; x_wconf 91' lang='lat' dir='ltr'>in</span> <span class='ocrx_word' id='word_1_95' title='bbox 822 2715 884 2791; x_wconf 86' lang='lat' dir='ltr'>suo</span> <span class='ocrx_word' id='word_1_96' title='bbox 909 2717 999 2792; x_wconf 90' lang='lat' dir='ltr'>libro</span> <span class='ocrx_word' id='word_1_97' title='bbox 1026 2723 1169 2810; x_wconf 90' lang='lat' dir='ltr'>habent,</span> 
     </span>
     <span class='ocr_line' id='line_1_17' title="bbox 189 2836 1171 2939; baseline 0.001 -25"><span class='ocrx_word' id='word_1_98' title='bbox 189 2842 225 2914; x_wconf 90' lang='lat' dir='ltr'>h.</span> <span class='ocrx_word' id='word_1_99' title='bbox 251 2866 282 2914; x_wconf 87' lang='lat' dir='ltr'>e.</span> <span class='ocrx_word' id='word_1_100' title='bbox 307 2838 398 2933; x_wconf 87' lang='lat' dir='ltr'>saepe</span> <span class='ocrx_word' id='word_1_101' title='bbox 414 2837 651 2931; x_wconf 74' lang='lat' dir='ltr'>conjecturam</span> <span class='ocrx_word' id='word_1_102' title='bbox 682 2836 719 2910; x_wconf 92' lang='lat' dir='ltr'>in</span> <span class='ocrx_word' id='word_1_103' title='bbox 746 2856 885 2910; x_wconf 87' lang='lat' dir='ltr'>textum</span> <span class='ocrx_word' id='word_1_104' title='bbox 902 2836 1046 2928; x_wconf 90' lang='lat' dir='ltr'>illatam,</span> <span class='ocrx_word' id='word_1_105' title='bbox 1071 2843 1171 2939; x_wconf 91' lang='lat' dir='ltr'>quod</span> 
     </span>
     <span class='ocr_line' id='line_1_18' title="bbox 191 2954 1172 3056; baseline 0.004 -25"><span class='ocrx_word' id='word_1_106' title='bbox 191 2957 379 3032; x_wconf 87' lang='lat' dir='ltr'>sexcenties</span> <span class='ocrx_word' id='word_1_107' title='bbox 411 2957 447 3029; x_wconf 91' lang='lat' dir='ltr'>in</span> <span class='ocrx_word' id='word_1_108' title='bbox 480 2955 609 3030; x_wconf 87' lang='lat' dir='ltr'>Tacito</span> <span class='ocrx_word' id='word_1_109' title='bbox 635 2954 782 3043; x_wconf 73' lang='lat' dir='ltr'>factum,</span> <span class='ocrx_word' id='word_1_110' title='bbox 820 2956 949 3031; x_wconf 93' lang='lat' dir='ltr'>vitium</span> <span class='ocrx_word' id='word_1_111' title='bbox 974 2985 1172 3056; x_wconf 89' lang='lat' dir='ltr'>operarum,</span> 
     </span>
     <span class='ocr_line' id='line_1_19' title="bbox 191 3073 1171 3177; baseline 0.002 -26"><span class='ocrx_word' id='word_1_112' title='bbox 191 3073 443 3160; x_wconf 68' lang='lat' dir='ltr'>correctionem</span> <span class='ocrx_word' id='word_1_113' title='bbox 460 3101 603 3174; x_wconf 86' lang='lat' dir='ltr'>pravam</span> <span class='ocrx_word' id='word_1_114' title='bbox 620 3077 711 3149; x_wconf 87' lang='lat' dir='ltr'>male</span> <span class='ocrx_word' id='word_1_115' title='bbox 730 3075 853 3151; x_wconf 85' lang='lat' dir='ltr'>curiosr</span> <span class='ocrx_word' id='word_1_116' title='bbox 872 3079 1072 3153; x_wconf 66' lang='lat' dir='ltr'>correctoris</span> <span class='ocrx_word' id='word_1_117' title='bbox 1098 3079 1171 3177; x_wconf 89' lang='lat' dir='ltr'>spe·</span> 
     </span>
     <span class='ocr_line' id='line_1_20' title="bbox 190 3194 1170 3296; baseline 0.002 -26"><span class='ocrx_word' id='word_1_118' title='bbox 190 3195 364 3270; x_wconf 90' lang='lat' dir='ltr'>ciminum</span> <span class='ocrx_word' id='word_1_119' title='bbox 380 3194 725 3293; x_wconf 89' lang='lat' dir='ltr'>typographicorum.</span> <span class='ocrx_word' id='word_1_120' title='bbox 764 3198 901 3293; x_wconf 89' lang='lat' dir='ltr'>Itaque,</span> <span class='ocrx_word' id='word_1_121' title='bbox 918 3200 1018 3296; x_wconf 90' lang='lat' dir='ltr'>quod</span> <span class='ocrx_word' id='word_1_122' title='bbox 1033 3198 1170 3286; x_wconf 87' lang='lat' dir='ltr'>mirere,</span> 
     </span>
     <span class='ocr_line' id='line_1_21' title="bbox 190 3313 1172 3414; baseline 0.001 -26"><span class='ocrx_word' id='word_1_123' title='bbox 190 3315 279 3389; x_wconf 82' lang='lat' dir='ltr'>alius</span> <span class='ocrx_word' id='word_1_124' title='bbox 292 3314 397 3389; x_wconf 86' lang='lat' dir='ltr'>aliam</span> <span class='ocrx_word' id='word_1_125' title='bbox 410 3316 590 3412; x_wconf 86' lang='lat' dir='ltr'>vulgatam</span> <span class='ocrx_word' id='word_1_126' title='bbox 604 3313 792 3388; x_wconf 72' lang='lat' dir='ltr'>lectionem</span> <span class='ocrx_word' id='word_1_127' title='bbox 810 3317 846 3386; x_wconf 88' lang='lat'>&amp;</span> <span class='ocrx_word' id='word_1_128' title='bbox 864 3338 1040 3414; x_wconf 89' lang='lat' dir='ltr'>receptam</span> <span class='ocrx_word' id='word_1_129' title='bbox 1056 3319 1172 3390; x_wconf 89' lang='lat' dir='ltr'>habet.</span> 
     </span>
     <span class='ocr_line' id='line_1_22' title="bbox 190 3432 1172 3534; baseline 0.003 -27"><span class='ocrx_word' id='word_1_130' title='bbox 190 3433 404 3534; x_wconf 88' lang='lat' dir='ltr'>Intelligitur</span> <span class='ocrx_word' id='word_1_131' title='bbox 421 3459 472 3507; x_wconf 90' lang='lat' dir='ltr'>res</span> <span class='ocrx_word' id='word_1_132' title='bbox 488 3432 680 3531; x_wconf 84' lang='lat' dir='ltr'>planiffime</span> <span class='ocrx_word' id='word_1_133' title='bbox 701 3432 821 3506; x_wconf 89' lang='lat' dir='ltr'>Taciti</span> <span class='ocrx_word' id='word_1_134' title='bbox 847 3438 1023 3532; x_wconf 87' lang='lat' dir='ltr'>exemplo.</span> <span class='ocrx_word' id='word_1_135' title='bbox 1073 3438 1172 3510; x_wconf 91' lang='lat' dir='ltr'>Rhe·</span> 
     </span>
     <span class='ocr_line' id='line_1_23' title="bbox 190 3551 1171 3652; baseline 0.001 -25"><span class='ocrx_word' id='word_1_136' title='bbox 190 3578 302 3627; x_wconf 91' lang='lat' dir='ltr'>nanus</span> <span class='ocrx_word' id='word_1_137' title='bbox 336 3555 514 3652; x_wconf 82' lang='lat' dir='ltr'>vulgatam</span> <span class='ocrx_word' id='word_1_138' title='bbox 547 3553 749 3642; x_wconf 74' lang='lat' dir='ltr'>rectionem,</span> <span class='ocrx_word' id='word_1_139' title='bbox 778 3572 818 3625; x_wconf 92' lang='lat' dir='ltr'>ut</span> <span class='ocrx_word' id='word_1_140' title='bbox 849 3551 1018 3641; x_wconf 89' lang='lat' dir='ltr'>vidimus,</span> <span class='ocrx_word' id='word_1_141' title='bbox 1044 3553 1171 3628; x_wconf 89' lang='lat' dir='ltr'>intelli·</span> 
     </span>
     <span class='ocr_line' id='line_1_24' title="bbox 188 3671 1171 3772; baseline 0.002 -25"><span class='ocrx_word' id='word_1_142' title='bbox 188 3677 306 3772; x_wconf 88' lang='lat' dir='ltr'>gebat,</span> <span class='ocrx_word' id='word_1_143' title='bbox 323 3672 500 3771; x_wconf 89' lang='lat' dir='ltr'>quicquid</span> <span class='ocrx_word' id='word_1_144' title='bbox 514 3671 597 3745; x_wconf 81' lang='lat' dir='ltr'>ellet</span> <span class='ocrx_word' id='word_1_145' title='bbox 611 3672 647 3746; x_wconf 93' lang='lat' dir='ltr'>in</span> <span class='ocrx_word' id='word_1_146' title='bbox 666 3673 723 3746; x_wconf 90' lang='lat' dir='ltr'>ed.</span> <span class='ocrx_word' id='word_1_147' title='bbox 743 3671 840 3745; x_wconf 90' lang='lat' dir='ltr'>Basrl.</span> <span class='ocrx_word' id='word_1_148' title='bbox 862 3698 965 3770; x_wconf 82' lang='lat'>1519.</span> <span class='ocrx_word' id='word_1_149' title='bbox 984 3676 1049 3746; x_wconf 89' lang='lat' dir='ltr'>srve</span> <span class='ocrx_word' id='word_1_150' title='bbox 1066 3677 1171 3765; x_wconf 75' lang='lat' dir='ltr'>reue,</span> 
     </span>
     <span class='ocr_line' id='line_1_25' title="bbox 191 3791 1173 3892; baseline 0.004 -26"><span class='ocrx_word' id='word_1_151' title='bbox 191 3795 258 3866; x_wconf 89' lang='lat' dir='ltr'>five</span> <span class='ocrx_word' id='word_1_152' title='bbox 270 3817 374 3890; x_wconf 89' lang='lat' dir='ltr'>prave</span> <span class='ocrx_word' id='word_1_153' title='bbox 390 3796 600 3890; x_wconf 81' lang='lat' dir='ltr'>expressum.</span> <span class='ocrx_word' id='word_1_154' title='bbox 651 3792 733 3866; x_wconf 90' lang='lat' dir='ltr'>Post</span> <span class='ocrx_word' id='word_1_155' title='bbox 746 3819 830 3866; x_wconf 91' lang='lat' dir='ltr'>eum</span> <span class='ocrx_word' id='word_1_156' title='bbox 845 3791 1087 3892; x_wconf 84' lang='lat' dir='ltr'>intelligebant</span> <span class='ocrx_word' id='word_1_157' title='bbox 1103 3797 1173 3871; x_wconf 93' lang='lat' dir='ltr'>hoc</span> 
     </span>
     <span class='ocr_line' id='line_1_26' title="bbox 191 3910 1172 4009; baseline 0.005 -25"><span class='ocrx_word' id='word_1_158' title='bbox 191 3911 349 4001; x_wconf 90' lang='lat' dir='ltr'>nomine,</span> <span class='ocrx_word' id='word_1_159' title='bbox 362 3911 538 4009; x_wconf 92' lang='lat' dir='ltr'>quicquid</span> <span class='ocrx_word' id='word_1_160' title='bbox 552 3911 588 3984; x_wconf 92' lang='lat' dir='ltr'>in</span> <span class='ocrx_word' id='word_1_161' title='bbox 603 3910 758 3984; x_wconf 88' lang='lat' dir='ltr'>editione</span> <span class='ocrx_word' id='word_1_162' title='bbox 773 3912 866 3986; x_wconf 88' lang='lat' dir='ltr'>Basrl.</span> <span class='ocrx_word' id='word_1_163' title='bbox 898 3913 1063 3988; x_wconf 90' lang='lat' dir='ltr'>Rhenani</span> <span class='ocrx_word' id='word_1_164' title='bbox 1078 3917 1172 4003; x_wconf 81' lang='lat' dir='ltr'>effet,</span> 
     </span>
    </p>
   </div>
   <div class='ocr_carea' id='block_1_5' title="bbox 190 4028 1266 4225">
    <p class='ocr_par' dir='ltr' id='par_1_5' title="bbox 190 4028 1266 4225">
     <span class='ocr_line' id='line_1_27' title="bbox 190 4028 1266 4136; baseline 0.005 -32"><span class='ocrx_word' id='word_1_165' title='bbox 190 4052 252 4106; x_wconf 92' lang='lat' dir='ltr'>aut</span> <span class='ocrx_word' id='word_1_166' title='bbox 275 4031 313 4106; x_wconf 94' lang='lat' dir='ltr'>in</span> <span class='ocrx_word' id='word_1_167' title='bbox 339 4030 394 4121; x_wconf 83' lang='lat' dir='ltr'>iis,</span> <span class='ocrx_word' id='word_1_168' title='bbox 420 4059 501 4133; x_wconf 87' lang='lat' dir='ltr'>quae</span> <span class='ocrx_word' id='word_1_169' title='bbox 517 4058 561 4106; x_wconf 85' lang='lat' dir='ltr'>ex</span> <span class='ocrx_word' id='word_1_170' title='bbox 578 4035 642 4105; x_wconf 92' lang='lat' dir='ltr'>hac</span> <span class='ocrx_word' id='word_1_171' title='bbox 668 4031 863 4118; x_wconf 76' lang='lat' dir='ltr'>fluxiffent;</span> <span class='ocrx_word' id='word_1_172' title='bbox 889 4034 1030 4136; x_wconf 83' lang='lat' dir='ltr'>Lipsrus</span> <span class='ocrx_word' id='word_1_173' title='bbox 1055 4033 1174 4109; x_wconf 71' lang='lat' dir='ltr'>lectio·</span> <span class='ocrx_word' id='word_1_174' title='bbox 1262 4028 1266 4033; x_wconf 52' lang='grc'>’</span> 
     </span>
     <span class='ocr_line' id='line_1_28' title="bbox 649 4153 686 4225; baseline 0 0"><span class='ocrx_word' id='word_1_175' title='bbox 649 4153 686 4225; x_wconf 93' lang='lat' dir='ltr'>D</span> 
     </span>
    </p>
   </div>
   <div class='ocr_carea' id='block_1_6' title="bbox 0 0 1499 5138">
    <p class='ocr_par' dir='ltr' id='par_1_6' title="bbox 0 0 1499 5138">
     <span class='ocr_line' id='line_1_29' title="bbox 0 0 1499 5138; baseline 0 0"><span class='ocrx_word' id='word_1_176' title='bbox 0 0 1499 5138; x_wconf 95' lang='lat' dir='ltr'> </span> 
     </span>
    </p>
   </div>
  </div>
 </body>
</html>
