2986 5138
347 598 419 672 234
561 572 603 645 C.
635 572 902 647 Conuatrr
931 570 1124 647 Tacrtr

347 754 376 789 “
395 745 511 820 rnonia
527 767 706 836 vocentur,
732 749 845 844 plures
863 747 922 819 fibi
940 771 980 819 ac
1009 743 1252 841 locupletiores
1271 744 1324 820 es-

348 874 376 909 “
395 867 450 939 se:
479 892 592 963 neque
606 866 809 962 Philippum
827 865 992 962 potentis,
1014 863 1070 937 sed
1088 889 1132 937 ex
1149 889 1235 937 vero
1254 866 1325 939 sta·

349 992 377 1029 “
396 986 515 1059 tuisse:
543 986 636 1058 idem
661 985 750 1082 regis
773 984 958 1082 Antigoni,
985 983 1079 1056 idem
1101 982 1325 1080 imperatoris

351 1105 565 1179 “Mummii
580 1103 772 1200 judicium:
800 1107 843 1177 stc
861 1104 1028 1193 Milefios,
1048 1102 1205 1200 permisso
1223 1106 1323 1200 pub·

351 1232 378 1268 “
398 1224 461 1297 lice
493 1223 644 1313 arbitrio,
690 1221 865 1319 postremi)
903 1222 1065 1296 Atidium
1108 1222 1323 1314 Geminum,

350 1352 577 1441 “praetorem
594 1343 750 1432 Achaiae,
777 1342 997 1415 decreviffe.’'
1046 1344 1098 1416 lta
1124 1339 1323 1416 secundum

351 1463 539 1538 Messenios
560 1463 693 1536 datum.
744 1464 791 1534 Et
808 1461 995 1560 Segestani,
1022 1469 1049 1504 “
1069 1462 1181 1534 aedetn
1201 1463 1324 1535 Vene-

353 1589 381 1626 “
399 1582 455 1671 ris,
482 1602 638 1654 montem
651 1582 745 1678 apud
764 1584 927 1677 Erycem,
952 1582 1119 1655 vetustate
1135 1579 1322 1677 dilapsam,

352 1708 380 1746 “
399 1701 597 1774 restaurari’'
634 1700 869 1798 postulavere:
902 1720 984 1774 nota
1015 1721 1244 1775 memorantes
1274 1703 1326 1775 de

351 1821 486 1920 origine
506 1818 590 1918 ejus,
617 1821 745 1893 &laeta
769 1820 934 1893 Tiberio:
961 1820 1104 1917 suscepit
1129 1844 1249 1894 curam
1278 1821 1323 1894 li-

350 1945 451 2032 bens,
477 1961 515 2014 ut
532 1939 816 2039 consanguineus.
865 1942 968 2013 Tunc
997 1942 1146 2013 tradatae
1173 1939 1324 2013 Maffili·

352 2066 483 2137 enfium
518 2086 650 2159 preces,
688 2061 944 2157 probatumque
974 2062 1015 2132 P.
1046 2057 1170 2133 Rutilii
1198 2085 1323 2136 exem.-

353 2187 478 2280 plum:
505 2205 657 2277 namque
678 2204 760 2252 eum
787 2179 922 2277 legibus
950 2176 1098 2275 pulsum,
1125 2179 1239 2253 civem
1260 2182 1327 2255 sabi

352 2300 520 2397 Smyrnaei
552 2299 779 2372 addiderant:
811 2325 883 2396 quo
908 2295 987 2394 jure
1013 2298 1190 2372 Vulcatius
1220 2299 1324 2373 Mos-

353 2423 453 2510 chus,
479 2418 588 2508 exsul,
625 2417 662 2490 in
688 2416 909 2491 Maffilienses
942 2439 1112 2516 receptus,
1149 2421 1242 2495 bona
1262 2418 1327 2495 sua

352 2535 551 2636 reipublicae
568 2563 703 2627 eorum,
729 2557 768 2609 ut
790 2537 905 2632 patriae
923 2538 1116 2636 reliquerat.

401 2658 535 2732 XLIV.
559 2659 714 2729 Oaraaa
733 2682 774 2729 eo
790 2682 881 2729 anno
899 2657 963 2730 viri
981 2658 1124 2748 nobiles,
1141 2659 1207 2733 Cn.
1224 2662 1324 2734 Len-

353 2779 460 2866 tulus,
489 2778 589 2849 &L.
622 2775 809 2850 Domitius.
858 2779 1011 2850 Lentulo
1039 2777 1138 2875 super
1166 2778 1323 2855 consula·

354 2918 431 2970 tum
456 2900 489 2968 ὃς
507 2896 727 2991 triumphalia
743 2899 786 2969 de
803 2897 960 2987 Gaetulis,
987 2899 1104 2994 gloriae
1135 2897 1244 2972 fuerat
1261 2904 1324 2973 be-

355 3043 399 3089 ne
415 3018 557 3087 tolerata
585 3037 777 3112 paupertas,
802 3017 883 3088 dein
900 3043 1036 3114 magnae
1058 3045 1141 3115 opes
1156 3020 1323 3093 innocen·

355 3159 405 3210 ter
424 3139 600 3233 paratae&
629 3136 780 3208 modest&
806 3136 943 3208 habita.
992 3138 1190 3211 Domitium
1216 3141 1323 3214 deco·

303 3317 305 3324 .
356 3257 444 3330 ravit
467 3275 579 3352 pater,
604 3254 696 3328 civili
715 3257 807 3327 bello
836 3257 938 3328 maris
956 3278 1089 3355 potens,
1114 3260 1226 3331 donec
1244 3264 1323 3331 An·

355 3377 442 3450 tonii
473 3376 638 3473 partibus,
664 3401 750 3447 mox
780 3375 918 3449 Caesaris
951 3376 1156 3450 misceretur.
1205 3382 1323 3469 Avus,

355 3497 547 3570 Pharsalicd
575 3496 661 3585 acie,
689 3523 752 3592 pro
780 3497 1005 3593 optimatibus
1035 3498 1225 3570 ceciderat:
1253 3497 1326 3594 ipse

355 3619 495 3705 elesius,
521 3615 576 3689 cui
605 3616 720 3688 minor
752 3616 919 3705 Antonia,
956 3619 1100 3690 Odavid
1131 3614 1259 3713 genita,
1286 3615 1325 3690 in

357 3735 616 3809 matrimonium
648 3736 795 3808 daretur.
859 3736 954 3824 Post,
996 3736 1151 3809 exercitu
1189 3738 1324 3809 flumen

355 3855 479 3927 Albim
503 3853 705 3927 transcendit
719 3885 730 3940 ;
757 3855 894 3953 longius
921 3860 1096 3951 penetratas
1121 3855 1323 3945 Germanici,

358 3975 467 4068 quam
493 3973 675 4074 quisquam
702 3974 855 4073 priorum
871 4003 880 4047 :
907 3973 1029 4074 easque
1045 3977 1093 4049 ob
1109 4002 1162 4050 res
1178 3973 1325 4073 infignia
