2986 5138
351 553 421 648 236
541 550 584 623 C.
624 546 888 622 Coanaatt
930 544 1128 623 Tacrtr

398 725 530 797 XLVI.
555 726 750 797 Laurum
784 723 972 815 Gaetulice,
997 724 1039 795 C.
1067 720 1219 796 Calvisio
1235 748 1335 799 con·

348 842 490 933 susibus,
508 845 646 916 decreta
660 842 827 940 triumphi
844 841 988 940 insignia
1003 843 1159 936 Poppaeo
1174 842 1333 934 Sabino,

347 965 495 1035 contusis
510 964 691 1036 Thracum
717 961 892 1059 gentibus,
919 961 980 1059 qui
1004 959 1176 1034 montium
1201 959 1329 1053 editis,

347 1080 483 1170 inculti,
509 1101 611 1177 atque
631 1079 674 1152 ei)
696 1078 845 1154 ferocibs
867 1080 1057 1178 agitabant.
1105 1077 1217 1151 Causa
1240 1105 1332 1154 mo·

348 1202 418 1290 tds,
443 1198 541 1295 super
561 1200 746 1273 hominum
772 1200 967 1299 ingenium,
994 1198 1091 1297 qubd
1114 1197 1185 1295 pati
1202 1199 1330 1273 delec-

346 1338 415 1408 tus,
442 1321 475 1390 &
492 1318 737 1392 validissimum
754 1344 929 1417 quemque
945 1317 1072 1391 militiae
1089 1317 1213 1391 nostrae
1234 1318 1330 1392 dare

348 1437 638 1535 aspernabantur;
666 1464 709 1510 ne
725 1439 865 1537 regibus
887 1438 1029 1536 quidem
1053 1439 1170 1534 parere
1193 1435 1256 1509 nifi
1278 1463 1330 1511 ex

348 1555 491 1631 libidine
508 1554 619 1642 soliti3
645 1578 718 1648 aut,
739 1562 761 1631 sr
779 1558 950 1632 mitterent
967 1556 1108 1646 auxilia,
1134 1554 1210 1629 suos
1230 1557 1332 1630 duc-

347 1695 438 1747 tores
461 1677 647 1772 praesicere,
673 1702 736 1750 nec
760 1677 819 1748 nin
847 1676 1031 1749 adversirm
1058 1675 1191 1749 accolas
1218 1674 1328 1749 belli-

351 1819 481 1893 gerate.
517 1798 573 1867 Ac
591 1816 666 1869 tum
682 1822 800 1869 rumor
817 1795 990 1868 incesserat
1014 1792 1101 1887 fore,
1117 1813 1156 1867 ut
1170 1791 1327 1891 disjecti,

348 1913 489 2012 aliisque
519 1915 716 1989 nationibus
742 1914 919 2012 permixti,
960 1911 1110 1986 diversas
1140 1913 1177 1985 in
1209 1933 1326 1988 terras

346 2035 570 2107 traherentur.
618 2035 687 2106 Sed
703 2055 891 2129 antequam
907 2059 1003 2106 arma
1020 2033 1224 2129 inciperent,
1248 2034 1324 2107 mi·

347 2155 420 2226 sere
436 2156 580 2251 legatos,
607 2160 633 2196 “
652 2153 853 2243 amicitiam,
868 2150 1164 2249 obsequiumque”
1180 2177 1325 2226 memo·

347 2293 504 2358 raturos;
533 2280 561 2314 “
579 2275 613 2344 δι
639 2271 795 2345 mansura
820 2275 909 2361 haec,
936 2271 1074 2343 finullo
1089 2296 1183 2343 novo
1207 2296 1324 2347 onere

349 2398 379 2434 “
396 2411 612 2463 tentarentur.
661 2390 721 2463 Sin
749 2411 789 2463 ut
821 2389 920 2462 victis
947 2387 1121 2464 servitium
1148 2390 1324 2466 indicere·

348 2516 376 2552 “
394 2530 473 2594 tur3
500 2511 567 2580 effe
584 2507 645 2581 srbi
662 2505 790 2580 ferrum
813 2506 1093 2606 &juventutem,
1120 2511 1153 2580 δι
1172 2535 1322 2608 promp-

348 2634 377 2670 “
393 2646 471 2699 tum
503 2624 664 2715 libertati,
691 2627 817 2699 autad
844 2649 995 2701 mortem
1022 2629 1215 2702 animum.”
1263 2631 1319 2704 Si-

346 2747 423 2819 mul
454 2745 591 2817 castella
606 2746 750 2842 rupibus
767 2746 890 2836 indita,
917 2748 1137 2846 conlatosque
1154 2748 1236 2821 illuc
1253 2775 1319 2846 pa-

345 2885 455 2938 rentes
478 2869 510 2937 &
536 2863 700 2963 conjuges
723 2866 952 2955 ostentabant,
982 2874 1009 2908 “
1029 2869 1229 2965 bellumque
1247 2869 1319 2945 im-

345 2993 375 3028 “
394 2985 565 3082 peditum,
604 2987 767 3075 arduum,
803 2989 1027 3074 cruentum,’'
1055 2988 1316 3063 minitabantur.

392 3106 544 3178 XLVII.
570 3110 630 3177 Ar
663 3106 834 3177 Sutrinos
870 3106 1001 3199 (donec
1029 3108 1197 3181 exercitus
1214 3109 1249 3180 in
1271 3136 1315 3181 u·

346 3252 433 3298 num
458 3225 682 3313 conduceret,
719 3224 806 3296 datis
835 3224 976 3297 mitibus
1008 3226 1189 3323 responsis)
1219 3228 1317 3324 post·

346 3371 451 3442 quam
475 3343 692 3440 Pomponius
709 3347 831 3417 Labeo
859 3371 878 3417 e
907 3348 1033 3418 Moesis
1055 3351 1136 3419 'cum
1160 3346 1314 3443 legione,

342 3491 405 3537 rex
432 3464 692 3537 Rhoemetalces
718 3489 801 3536 tum
831 3463 967 3537 auxiliis
992 3465 1225 3562 popularium,
1252 3465 1314 3561 qui

344 3586 452 3656 fidem
480 3609 550 3656 non
578 3603 809 3673 mutaverant,
835 3584 974 3674 vendre,
1009 3585 1126 3657 addita
1153 3584 1312 3680 praesenti

343 3703 457 3797 copia,
495 3703 541 3772 ad
568 3701 701 3773 hostem
729 3702 858 3800 pergit,
897 3707 1127 3799 compositum
1149 3703 1224 3799 jam
1250 3729 1315 3799 pet

343 3820 517 3916 angustias
543 3819 714 3894 saltuum:
742 3822 886 3919 quidam
911 3823 1092 3895 audentius
1121 3822 1246 3918 apertis
1274 3821 1314 3894 in

343 3939 489 4014 collibus
523 3937 739 4016 visebantur:
778 3966 866 4040 quos
898 3942 972 4016 dux
1014 3945 1200 4019 Romanus
1237 3941 1314 4016 acie
