2986 5138
351 526 417 597 160
581 518 623 595 C,
652 525 890 597 connum
916 518 1098 594 Tncrrr

347 692 449 767 inrisu
466 694 679 768 audientium
698 695 892 792 postularit.
941 694 1181 766 Praetendebat
1212 701 1242 738 “
1262 690 1328 771 srbl

349 818 377 853 “
393 834 499 909 atque
516 811 609 886 fratri
626 816 762 887 decreta
779 815 914 901 eadem,
949 833 1086 910 petente
1104 814 1270 910 Augusto
1287 817 1331 888 :’'

347 930 406 1003 sed
425 957 539 1030 neque
564 952 639 1005 tum
674 930 770 1005 fuiffe
787 930 1033 1021 dubitaverim,
1063 930 1124 1028 qui
1153 929 1326 1028 ejusmodi

349 1075 468 1144 preces
485 1051 612 1123 occulti
629 1051 843 1123 inluderent:
869 1077 909 1122 ac
935 1070 1053 1122 tamen
1075 1049 1171 1121 initia
1193 1047 1327 1149 fastigii

348 1168 540 1243 Caesaribus
562 1189 683 1242 erant:
715 1167 894 1266 magisque
922 1167 958 1239 in
986 1167 1094 1240 oculis
1111 1188 1210 1241 vetus
1226 1195 1323 1260 mos,

314 1284 316 1288 ⁴
348 1291 383 1359 δι
410 1288 577 1386 privignis
595 1314 676 1361 cum
694 1285 817 1360 vitrico
835 1287 943 1359 levior
958 1289 1178 1377 necessitudo,
1212 1289 1325 1384 qubm

348 1429 416 1479 avo
444 1408 628 1480 adversbm
659 1426 834 1503 nepotem.
905 1405 1059 1477 Additur
1088 1406 1322 1502 pontificatus,

350 1527 383 1594 δι
408 1550 480 1620 quo
498 1526 650 1621 primbm
674 1524 731 1596 die
757 1521 871 1596 sorum
901 1523 1066 1620 ingressus
1088 1524 1150 1612 est,
1176 1524 1322 1621 congia-

350 1640 441 1713 rium
476 1643 583 1738 plebi,
629 1643 824 1715 admodum
854 1644 955 1732 laetae,
994 1641 1091 1738 quod
1122 1642 1324 1715 Germanici

350 1760 490 1858 stirpem
501 1760 576 1857 jam
595 1763 759 1857 puberem
776 1759 969 1856 aspiciebat.
1020 1762 1175 1833 Auctum
1193 1761 1324 1835 dehinc

349 1879 531 1975 gaudium,
564 1878 691 1975 nuptiis
720 1878 872 1951 Neronis
900 1884 933 1951 ὅτ
963 1877 1065 1973 Juliae
1092 1880 1194 1952 Drusr
1228 1880 1322 1954 filiae.

348 2000 472 2095 thue
500 2000 574 2070 haec
600 1996 750 2070 secundo
772 2022 924 2086 rumore,
949 1996 995 2069 ita
1026 1998 1172 2071 adversis
1196 1998 1323 2071 animia

348 2138 546 2213 acceptum,
574 2115 672 2213 qudd
696 2116 769 2188 filio
793 2115 929 2188 Claudii
955 2115 1048 2189 socer
1067 2114 1206 2212 Sejanus
1222 2117 1324 2191 desti·

349 2258 510 2310 naretur:
544 2235 703 2332 polluisse
719 2234 935 2307 nobilitatem
963 2233 1099 2308 familiae
1121 2235 1321 2327 videbatur,

350 2353 616 2452 suspectumque
636 2350 711 2449 jam
733 2352 848 2425 nimiae
877 2352 946 2450 spei
967 2352 1128 2450 Sejanum
1143 2355 1232 2428 ultro
1260 2380 1324 2429 ex·

348 2474 471 2546 tulisse.

398 2594 522 2663 XXX.
552 2594 654 2663 Frut
673 2591 752 2663 anni
770 2590 963 2665 concessere
980 2592 1050 2665 vital
1065 2592 1212 2689 infignes
1236 2594 1321 2686 viri,

349 2711 395 2780 L.
421 2710 592 2797 Volufius,
624 2713 657 2780 &
686 2711 862 2782 Sallustius
885 2710 1036 2807 Crispus,
1097 2715 1239 2786 Volusio
1260 2739 1322 2787 ve-

348 2847 404 2900 tus
444 2826 586 2916 familia,
629 2854 742 2926 neque
786 2851 904 2902 tamen
942 2851 1125 2926 ptaeturam
1159 2836 1319 2929 egresla:

348 2946 419 3043 ipse
446 2948 659 3020 consulatum
689 2949 819 3038 intulit,
851 2949 1002 3022 censorid
1030 2949 1134 3022 etiam
1158 2941 1322 3046 potestate

349 3067 504 3163 legendis
543 3067 699 3162 equitum
756 3069 902 3141 decuriis
941 3069 1091 3158 fundus,
1126 3096 1320 3167 opumque,

351 3187 428 3282 quis
457 3186 584 3257 <lomus
607 3186 665 3258 illa
690 3186 899 3259 immensum
934 3188 1059 3284 viguit,
1099 3188 1230 3284 primus
1260 3192 1321 3262 ad-

350 3307 557 3377 cumulutor.
619 3304 793 3401 Crispum,
821 3307 968 3402 equestri
997 3327 1114 3379 ortum
1147 3308 1239 3395 loc0‚
1278 3309 1320 3398 C,

350 3425 538 3513 Sallustius,
573 3449 686 3496 rerum
708 3428 952 3497 Romanorum
970 3426 1222 3498 florentissimus
1239 3452 1320 3497 auc-

350 3563 416 3633 tor,
454 3543 574 3615 sororis
607 3564 769 3640 nepotem
802 3545 838 3615 in
871 3571 999 3617 nomen
1024 3544 1187 3617 adscivit:
1215 3566 1321 3640 atque

350 3662 421 3750 ille,
446 3686 662 3758 quamquam
687 3683 851 3759 prompto
869 3666 911 3735 ad
930 3665 1150 3760 capessendos
1170 3667 1319 3737 honores

349 3779 461 3866 aditu,
495 3782 727 3853 Maecenatem
756 3784 951 3872 aemulatus,
975 3788 1042 3856 stne
1077 3782 1246 3880 dignitate
1268 3781 1318 3854 se-

349 3896 476 3971 natorial
528 3899 656 3972 multos
697 3898 972 3998 triumphalium,
1016 3888 1318 3997 consulariumque
