2986 5138
271 630 316 699 30
524 604 1036 679 C.Conusr.11Tnc1r1

318 776 492 849 XXXIII.
529 780 707 851 Iurensn
734 777 944 851 Germanico
957 802 1018 872 per
1035 774 1179 864 Gallias,
1205 794 1245 848 ut

269 895 436 987 diximus,
452 895 568 969 census
581 897 772 993 accipienti,
801 905 827 939 “
835 898 1006 969 excessisse
1016 894 1246 992 Augustum”

268 1013 430 1087 adfertur.
481 1019 636 1111 Neptem
661 1015 732 1114 ejus
762 1015 997 1114 Agrippinam
1016 1015 1051 1086 in
1065 1015 1244 1087 matrimo-

267 1133 339 1222 nio,
367 1133 547 1232 pluresque
560 1162 603 1208 ex
617 1140 655 1207 erl
668 1135 791 1207 liberos
805 1136 964 1206 habebat.
1015 1131 1091 1229 Ipse
1112 1130 1243 1224 Druso,

268 1250 370 1325 fratre
387 1254 531 1343 Tiberii,
558 1255 706 1351 genitus,
733 1253 900 1350 Augustae
928 1279 1063 1349 nepos:
1095 1252 1153 1326 sed
1179 1279 1240 1325 an-

269 1372 344 1444 xius
365 1374 506 1446 occultis
530 1374 564 1445 in
594 1370 625 1445 se
648 1371 757 1468 patrui
782 1371 937 1467 aviaeque
955 1371 1057 1458 odiis,
1090 1396 1245 1469 quorum

267 1491 374 1564 causae
391 1493 549 1581 acriores,
572 1492 652 1589 quia
665 1491 818 1588 iniquae:
847 1491 979 1587 quippe
996 1493 1097 1564 Drusi
1113 1516 1244 1588 magna

262 1612 361 1704 ‘apud
392 1612 563 1704 populum
588 1615 791 1683 Romanum
816 1609 996 1699 memoria,
1019 1610 1243 1682 credebatur-

266 1755 348 1824 que,
378 1733 398 1801 sr
425 1755 538 1821 rerum
554 1729 680 1825 potitus
693 1728 793 1817 soret,
814 1730 1003 1801 libertatem
1016 1726 1240 1800 redditurus:

264 1849 358 1920 unde
373 1848 406 1919 in
421 1849 670 1922 Germanicum
683 1847 795 1937 favor,
822 1854 854 1921 &
880 1846 952 1945 spes
969 1844 1100 1916 eadem.
1139 1845 1240 1918 Nam

256 1966 379 2065 juveni
400 1969 500 2043 civile
524 1969 717 2066 ingenium,
755 1967 841 2040 mira
862 1964 1014 2050 comitas,
1043 1964 1076 2033 δι
1102 1959 1240 2035 diversa

263 2114 283 2160 a
311 2088 443 2161 Tiberii
478 2086 647 2175 sermone,
678 2088 790 2174 vultu,
820 2080 1061 2180 adrogantibus
1099 2083 1133 2150 δι
1169 2083 1236 2152 ob-

260 2203 374 2278 scuris.
425 2206 649 2278 Accedebant
689 2204 872 2276 muliebres
910 2202 1119 2284 offensrones,
1166 2224 1232 2270 no-

260 2323 453 2394 vercalibus
477 2321 588 2392 Livia
614 2322 648 2393 in
674 2321 907 2418 Agrippinam
931 2315 1091 2392 stimulis:
1124 2334 1234 2413 atque

261 2436 332 2531 ipsa
349 2438 547 2534 Agrippina
573 2440 690 2533 paullo
707 2438 930 2526 commotior,
958 2435 1015 2508 nili
1042 2432 1138 2530 qubd
1161 2435 1234 2508 cas·

259 2553 367 2642 titate,
397 2562 429 2626 δι
450 2554 561 2625 mariti
578 2582 710 2644 amore,
735 2557 896 2653 quamvis
924 2552 1131 2628 indomitum
1155 2553 1232 2625 ani-

260 2698 358 2742 mum
376 2672 410 2742 in
428 2676 560 2745 bonum
573 2676 741 2746 vertebat.

321 2790 492 2861 XXXIV.
539 2793 612 2862 San
638 2796 908 2866 Gauunurcus
934 2791 1064 2891 quanti>
1086 2792 1232 2865 summae

257 2906 325 3002 spei
365 2910 518 3005 propior,
555 2912 649 2983 tanto
679 2912 862 3007 impensius
888 2939 953 3007 pro
984 2911 1128 2983 Tiberio
1156 2911 1233 2983 niti.

254 3027 426 3120 Sequanos
440 3030 633 3123 proximos,
661 3032 896 3125 &Belgarum
908 3030 1063 3101 civitates
1087 3028 1124 3099 in
1151 3056 1232 3101 ver·

257 3147 300 3215 ba
324 3142 393 3239 ejus
418 3145 537 3241 adigit.
588 3147 737 3234 Dehinc,
765 3148 883 3243 audito
898 3149 1078 3244 legionum
1095 3149 1229 3220 tumul-

254 3285 305 3351 tu,
334 3263 456 3359 raptim
486 3262 673 3358 professus,
696 3264 816 3336 obvias
839 3286 936 3337 extra
960 3264 1066 3337 castra
1089 3266 1229 3356 habuit,

255 3381 391 3478 dejeslis
416 3382 450 3452 in
475 3404 600 3453 terram
614 3382 734 3469 oculiS,
764 3381 1077 3476 velutpaenitentirl.
1128 3384 1230 3455 Post·

255 3525 360 3593 quam
374 3501 504 3571 vallum
516 3500 604 3587 iniit,
630 3499 753 3571 dissoni
780 3500 918 3595 questus
943 3499 1051 3570 audiri
1064 3503 1228 3596 coepdre:

255 3620 287 3685 &
313 3617 454 3709 quidam
471 3621 590 3710 prensd
615 3643 720 3688 manu
749 3615 832 3714 ejus,
863 3642 925 3711 per
952 3616 1100 3710 speciem
1127 3616 1228 3689 exos-

252 3731 402 3819 culandi,
440 3732 650 3805 insenrerunt
678 3734 821 3830 digitos,
859 3755 897 3804 ut
924 3758 1033 3805 vacua
1061 3735 1229 3808 dentibus

252 3868 313 3912 ora
329 3849 565 3944 contingeret:
595 3851 649 3920 alii
662 3870 801 3922 curvata
810 3849 903 3927 ¹senio
927 3851 1086 3922 membra
1109 3852 1227 3923 osten-

251 3957 388 4033 debant.
439 3965 671 4037 Adsrstentem
699 3966 916 4054 concionem,
943 3965 1025 4062 quia
1050 3967 1228 4064 permixta
