2986 5138
266 575 314 648 94
482 546 524 617 C.
557 544 829 620 Conuenit
862 504 1068 622 thrrr

265 722 386 793 Gallus
405 720 556 809 Annius,
586 725 619 793 ὅτ
652 720 780 816 Papius
804 721 970 811 Mutilus,
995 726 1028 794 δι
1050 722 1097 794 L.
1121 729 1244 823 Apro·

263 840 341 912 nius
367 841 551 912 decrevsre
568 867 576 911 :
613 865 762 937 quorum
779 839 997 913 auctoritates
1012 843 1241 920 adulationes·

263 985 332 1057 que
344 959 457 1048 retuli,
472 979 510 1031 ut
527 956 665 1032 sciretur
681 979 779 1030 vetus
794 958 830 1030 id
846 958 882 1030 in
896 960 1072 1055 republiclt
1094 966 1241 1038 malurn.

263 1083 367 1155 Fasla
392 1086 425 1152 δι
449 1081 494 1152 de
506 1078 766 1152 Mathematicis
778 1077 966 1176 Magisque
989 1080 1085 1154 Italis
1108 1086 1240 1178 pellen-

260 1201 313 1273 dis
330 1198 635 1273 senatusconsulta:
663 1224 812 1295 quorum
830 1223 849 1270 e
867 1225 1028 1289 numero,
1055 1202 1101 1273 L.
1121 1202 1239 1276 Pitua-

259 1321 337 1394 nius
362 1319 445 1393 saxo
471 1316 623 1414 dejeslus
645 1317 705 1390 est.
755 1319 796 1389 In
817 1319 857 1390 P.
885 1318 1059 1392 Martium
1082 1319 1238 1395 consules

260 1463 358 1514 extra
383 1460 518 1536 portam
542 1437 770 1534 Esquilinam,
799 1438 882 1510 cum
910 1440 1085 1512 classicum
1115 1465 1238 1514 canere

253 1558 433 1655 jussissent,
459 1581 556 1630 more
574 1555 683 1654 prisco
700 1557 891 1628 advertere.

305 1680 481 1752 XXXIII.
506 1681 693 1751 Pnoxruo
711 1673 844 1747 senatus
861 1675 930 1766 die,
963 1679 1074 1750 multa
1099 1679 1135 1751 in
1157 1681 1237 1752 lux·

259 1824 321 1870 um
344 1797 494 1870 civitatis
516 1796 608 1869 dista
630 1794 877 1892 aQHaterio
889 1793 1068 1884 consulari,
1086 1799 1238 1872 Odiavio

258 1921 437 1991 Frontone
479 1919 626 2014 praeturfi
670 1915 814 1988 fundo:
862 1915 1110 2011 decretumque
1143 1922 1170 1958 “
1190 1942 1236 1989 ne

258 2043 286 2079 “
304 2035 381 2110 vasa
407 2020 491 2109 auro
519 2033 626 2108 solida
649 2032 881 2107 ministrandis
905 2031 989 2106 cibis
1013 2035 1157 2106 fierent:
1190 2061 1235 2109 ne

258 2156 407 2230 “vestis
432 2154 536 2228 serica
557 2155 647 2226 viros
674 2152 859 2225 soedaret.”
910 2155 1060 2225 Excessit
1086 2157 1232 2248 Fronto,

256 2303 297 2349 ac
314 2275 498 2372 postulavit
540 2279 568 2315 “
588 2274 738 2346 modum
762 2292 922 2371 argento,
945 2271 1159 2370 supellesb'li,
1183 2274 1234 2347 sa·

258 2403 285 2438 “
303 2394 445 2467 miliae.''
496 2396 576 2465 Erat
600 2392 731 2489 quippe
748 2394 863 2465 adhuc
893 2391 1056 2489 frequens
1071 2391 1233 2468 senatori-

255 2517 335 2603 bus,
360 2513 485 2610 siquid
508 2537 527 2583 e
549 2511 726 2608 republicfi
742 2512 933 2600 crederent,
960 2513 1039 2585 loco
1058 2511 1233 2588 sententiae

256 2656 426 2731 promere.
452 2631 583 2703 Contrir
594 2632 715 2704 Gallus
728 2630 864 2704 Asmius
874 2631 1041 2722 disseruit,
1072 2637 1100 2673 “
1112 2635 1232 2706 Auslu

256 2750 438 2847 “imperii
460 2750 643 2823 adolevisse
668 2751 772 2824 etiam
805 2751 953 2847 privatas
979 2777 1088 2848 opes;
1125 2751 1232 2848 idque

256 2879 284 2914 “
303 2897 534 2959 nonnosum,
560 2868 617 2942 sed
641 2897 660 2943 e
684 2870 911 2943 vetustissimis
923 2870 1087 2943 moribus.
1112 2871 1231 2944 Aliam

255 2992 395 3088 “apud
419 2990 610 3080 Fabricios
646 2989 748 3062 aliam
769 2991 862 3085 apud
885 2989 1061 3086 Scipiones
1087 2991 1229 3087 pecuni-

253 3118 281 3153 “
299 3136 381 3194 am3
418 3114 451 3181 ὃς
478 3111 605 3181 cuncta
636 3109 681 3180 ad
716 3108 970 3204 rempublicam
996 3108 1133 3182 referri:
1162 3115 1230 3207 qud

254 3237 282 3271 “
300 3228 406 3318 tenui,
433 3227 594 3324 angustas
625 3227 755 3299 civium
783 3228 931 3312 domos;
968 3228 1153 3325 postquam
1187 3229 1229 3301 eb

253 3356 282 3392 “
301 3346 567 3444 magnificentiae
580 3346 724 3435 venerit,
751 3345 892 3444 gliscere
906 3349 1066 3444 singulos.
1102 3349 1229 3445 Neque

253 3469 334 3539 “in
358 3465 489 3539 familis
512 3472 544 3538 &
570 3487 727 3564 argento,
749 3490 898 3562 quaeque
922 3466 966 3536 ad
988 3465 1088 3539 usum
1107 3491 1228 3560 paren-

252 3596 279 3631 “
298 3609 365 3676 tur,
404 3585 552 3657 nimium
584 3585 730 3680 aliquid,
769 3605 829 3657 aut
862 3583 1058 3673 modicum,
1093 3584 1152 3656 nisr
1181 3608 1226 3654 cx

252 3716 278 3749 “
294 3707 431 3780 fortun&
460 3703 681 3799 possidentis:
712 3703 887 3776 distinslos
912 3703 1043 3775 senatbs
1068 3708 1101 3774 δι
1127 3701 1225 3796 equi-

253 3833 374 3897 “tum
399 3823 530 3912 census,
566 3848 637 3894 non
664 3822 746 3921 quia
770 3823 892 3896 diversi
925 3823 1055 3909 naturl,
1092 3817 1149 3893 sed
1185 3839 1225 3890 ut

253 3949 281 3985 “
301 3943 398 4031 locis,
433 3940 627 4033 ordinibus,
677 3941 951 4039 dignationibus,
999 3938 1157 4014 antistent
1189 3942 1223 4011 δι
