2986 5138
415 558 976 633 narrarunerv„
1114 580 1184 655 243

210 740 238 776 ‘⁸
258 732 373 805 studio
388 730 425 805 in
439 736 611 831 populum
630 737 849 822 Romanum,
864 758 924 829 per
940 733 1031 806 bella
1048 735 1138 805 Persi
1152 738 1187 806 &

211 851 446 926 “Aristonici
481 853 700 951 aliorumque
727 856 886 951 regum.''
943 854 1074 926 Verum
1103 855 1186 948 Hya

206 971 358 1068 paepeni,
387 972 640 1069 Trallianique,
670 971 934 1045 Laodicenis&
959 970 1187 1068 Magnetibus

209 1092 323 1180 fimul,
357 1089 509 1181 tramiffi,
551 1111 591 1164 ut
617 1117 741 1188 parum
769 1091 886 1163 validi.
950 1093 1008 1165 Ne
1048 1087 1186 1162 Ilienses

182 1209 368 1312 quidem,
416 1210 499 1283 clun
543 1218 570 1252 “
599 1231 776 1307 parentem
809 1208 903 1282 urbis
936 1213 1063 1282 Romae
1093 1210 1186 1281 Tro-

209 1334 238 1370 “
248 1326 346 1426 jam”
358 1326 532 1419 referrent,
560 1329 619 1402 nisr
639 1328 849 1425 antiquitatis
867 1328 978 1427 gloria
994 1329 1184 1425 pollebant.

206 1447 369 1520 Paullum
385 1447 643 1538 addubitatum,
663 1447 758 1545 qubd
777 1447 1017 1521 Halicarnallri
1043 1454 1070 1490 “
1088 1445 1186 1519 mille

210 1573 238 1607 “
258 1571 291 1639 &
319 1568 486 1640 ducentos
510 1592 570 1664 per
592 1590 700 1640 annos
725 1568 821 1640 nullo
842 1587 941 1640 motu
965 1580 1061 1640 terr'ae
1082 1587 1183 1641 nuta·

210 1691 238 1727 “
255 1684 339 1757 vilse
366 1684 461 1758 sedes
488 1684 577 1776 suas,
607 1686 762 1783 vivoque
791 1686 828 1759 in
855 1685 937 1758 saxo
962 1684 1187 1765 fundamenta

210 1808 238 1846 “
256 1804 401 1900 templi''
429 1804 722 1881 adseveraverant.
773 1807 1004 1903 Pergamenos
1030 1808 1091 1899 (eo
1113 1803 1186 1900 ipso

208 1922 422 2018 nitebantur)
456 1927 530 1997 aede
558 1924 718 2020 Augusto
750 1923 799 1997 ibi
827 1927 899 2014 fita,
935 1923 1012 1996 satis
1041 1924 1186 2019 adeptos

208 2043 394 2116 creditum.
446 2043 599 2140 Ephesii,
630 2043 842 2141 Milefiique‚
863 2042 900 2114 hi
918 2041 1106 2138 Apollinis,
1136 2041 1187 2114 illi

208 2163 330 2234 Dianae
360 2162 554 2236 caerimonia
589 2162 806 2259 occupaviffe
834 2161 987 2235 civitates
1012 2160 1084 2235 visr.
1133 2162 1188 2234 Ita

207 2280 389 2354 Sardianos
406 2280 506 2371 inter,
531 2280 796 2380 Smyrnaeosque
819 2281 1058 2354 deliberatum.
1107 2281 1185 2353 Sar·

207 2400 301 2473 diani
335 2400 513 2474 decretum
551 2401 697 2474 Etruriae
727 2401 926 2491 recitavere,
964 2419 1003 2472 ut
1041 2398 1185 2472 consan-

210 2519 345 2617 guinei:
373 2544 456 2591 nam
482 2527 509 2561 “
526 2521 750 2616 Tyrrhenum
763 2519 980 2616 Lydumque
993 2523 1087 2613 Atye
1100 2543 1187 2617 rege

210 2646 237 2681 “
258 2638 406 2736 genitos,
453 2640 501 2711 ob
539 2639 801 2712 multitudinem
835 2638 982 2712 divififfe
1022 2657 1183 2735 gentem:

211 2757 404 2851 “Lydum
437 2757 553 2853 patriis
584 2758 622 2830 in
654 2758 749 2831 terris
783 2757 961 2843 resediffe3
1000 2758 1189 2853 Tyrrheno

211 2881 238 2917 ‘⁴
257 2875 393 2965 datum,
417 2902 524 2949 novas
550 2896 586 2949 ut
607 2880 770 2950 conderet
794 2876 899 2951 sedes.
951 2880 997 2950 Et
1011 2878 1145 2949 ducum
1166 2901 1189 2949 e

211 2995 455 3069 “nominibus
477 2996 586 3069 indita
610 2999 793 3087 vocabula,
816 2996 882 3069 illis
897 3023 959 3094 per
975 3000 1107 3086 Afiam,
1132 2995 1187 3070 his

211 3114 293 3187 “in
321 3113 436 3188 ltalia:
464 3118 672 3215 audamque
697 3117 811 3189 adhuc
832 3117 1017 3213 Lydorum
1040 3116 1187 3211 opulen-

211 3241 238 3278 “
257 3234 355 3321 tiam,
388 3234 490 3307 miffis
518 3235 555 3307 in
588 3235 760 3309 Graeciam
790 3237 944 3333 populis,
975 3234 1031 3307 cui
1055 3259 1187 3308 moxa
1243 3259 1246 3265 ’

211 3355 387 3450 “Pelope
411 3378 540 3427 nomen
555 3359 590 3426 :''
615 3357 715 3429 srmul
741 3356 899 3428 “literas
921 3354 1185 3450 imperatorum,

211 3477 291 3546 “&
331 3473 400 3546 ieta
428 3473 608 3549 nobiseum
636 3474 769 3549 foedera
805 3475 899 3547 bello
926 3473 1184 3562 Macedonum,

210 3597 519 3692 “ubertatemque
559 3593 745 3668 fluminum
785 3592 939 3683 suorum,
980 3589 1185 3687 temperiem

209 3721 238 3757 “
257 3712 346 3803 caeli,
368 3739 409 3787 ac
431 3713 519 3786 dites
536 3713 669 3786 circum
691 3715 818 3785 terras'’
836 3713 1087 3785 memorabant.

258 3835 357 3906 LVI.
394 3838 454 3906 Ar
472 3834 685 3922 Suriam,
711 3831 854 3930 repetita
882 3831 1062 3921 vetustate,
1089 3828 1190 3903 “seu

212 3957 245 4027 “,
256 3951 428 4027 Tantalus
450 3955 542 4048 Jove
557 3972 654 4026 ortus
677 3950 767 4042 illos,
798 3954 866 4026 five
889 3949 1043 4025 Theseus
1066 3947 1185 4024 divina

652 4072 736 4145 Ra
