2986 5138
400 557 918 633 Auuaawuhnulr.
1094 583 1155 654 ¹9¹

193 731 358 830 Principe
385 733 547 830 Augusto
580 731 775 821 constituta,
813 729 889 804 satis
921 731 1157 823 ostendebant,

196 879 345 929 annuam
371 853 559 928 absentiam
585 856 618 925 δι
649 851 904 948 provinciarum
921 851 1160 926 administrati·

196 1000 301 1048 onem
318 973 476 1048 Dialibus
493 998 564 1045 non
581 972 747 1046 concedi:
776 974 1102 1069 memorabaturque
1114 976 1162 1047 L.

195 1093 349 1181 Metelli,
377 1092 549 1188 pontilicis
570 1091 731 1182 maximi,
755 1092 972 1186 exemplum,
999 1091 1059 1187 qui
1087 1097 1162 1165 Au·

196 1213 273 1288 lum
295 1211 529 1301 Postumium,
556 1210 750 1299 flaminem,
775 1211 968 1284 attinuisset.
1018 1213 1070 1283 Ita
1094 1210 1163 1285 sors

197 1335 288 1407 Afiae
304 1332 341 1407 in
357 1357 452 1421 eum,
471 1331 532 1429 qui
551 1330 781 1405 consularium
797 1330 1029 1428 Maluginensi
1046 1329 1163 1427 proxi·

198 1479 276 1526 mus
292 1473 376 1541 erat,
403 1453 551 1526 conlata.

246 1574 399 1646 LXXll.
426 1573 563 1645 lrsnanr
580 1571 702 1645 diebus
721 1569 880 1667 Lepidus
901 1573 946 1645 ab
961 1568 1078 1645 senatu
1104 1596 1163 1668 pe·
1243 1570 1244 1574 ’

137 1753 143 1759 .
202 1691 294 1781 tivit,
324 1700 407 1765 “ut
434 1691 607 1765 basilicam
638 1692 763 1779 Paulli,
789 1691 934 1764 AEmilia
966 1689 1176 1764 monimen-2

197 1819 225 1882 ‘⁴
243 1833 291 1900 ta,
308 1811 446 1908 propria
468 1813 613 1907 pecunia
634 1813 783 1884 firmaret
796 1811 1036 1909 ornarctque.''
1081 1814 1164 1885 Erat

199 1932 303 2004 ctiam
320 1952 399 2004 turn
415 1930 559 2005 inmore
577 1931 717 2027 publica
729 1930 988 2004 munificentiae
1013 1937 1164 2005 necAu·

199 2051 315 2148 grillus
348 2073 505 2149 arguerat
531 2054 705 2140 Taurum,
741 2052 960 2148 Philippum,
1000 2049 1162 2141 Rallnrm,

197 2170 334 2243 hostiles
361 2169 520 2259 exuvias,
545 2191 603 2244 aut
632 2172 847 2244 exundantes
880 2197 979 2268 opes,
1002 2191 1165 2245 omnum

196 2292 242 2363 ad
258 2290 379 2379 Urbis,
407 2295 440 2363 dc
455 2291 634 2386 pusterlam
646 2291 793 2388 gloriam
807 2288 981 2365 conferre:
1007 2311 1165 2387 quotum

197 2411 360 2508 exemplo
376 2410 548 2506 Lepidus,
575 2437 792 2509 quamquam
814 2410 968 2508 pecunia
993 2410 1164 2499 modicus,

197 2528 332 2603 avitum
353 2531 458 2605 decus
475 2530 630 2628 recoluit.
681 2537 731 2605 At
747 2530 908 2627 Pompeii
921 2533 1096 2604 theatrum
1112 2531 1164 2627 ig·

197 2675 242 2722 ne
257 2647 399 2723 fortuito
416 2651 594 2740 baustum,
619 2650 731 2724 Caesar
753 2651 1006 2724 exstruelururn
1031 2649 1164 2748 pollici·

154 2762 157 2767 ’
195 2788 251 2842 tus
267 2769 330 2863 cll,
359 2777 387 2811 “
407 2769 448 2842 eb
478 2769 576 2866 qubd
600 2796 706 2842 nemo
729 2797 750 2843 e
782 2768 912 2843 sarnilial
940 2770 1164 2843 restaurando

197 2894 225 2929 “
243 2886 422 2977 sufficeret,
465 2911 626 2963 manente
653 2913 771 2963 tamen
797 2889 939 2962 nomine
966 2887 1165 2984 Pompeii.”

196 3008 305 3083 Simul
334 3009 494 3083 laudibus
522 3006 682 3106 Sejanum
704 3010 841 3099 extulit,
869 3017 896 3051 “
914 3031 1094 3106 tamquam
1114 3008 1163 3081 la-

197 3136 223 3172 “
244 3131 327 3202 bore
356 3128 605 3226 vigilantisque
636 3128 710 3224 ejus
729 3150 826 3213 tanta
859 3128 913 3201 vis
940 3155 1052 3201 unum
1074 3127 1167 3202 intra

198 3255 226 3300 “
244 3249 416 3320 damnum
428 3248 564 3321 stetisset
577 3250 614 3333 ;''
641 3255 674 3322 sa
688 3248 846 3322 censudre
870 3270 984 3345 patres
1008 3256 1035 3291 “
1053 3247 1164 3345 effigi·

198 3373 229 3433 5⁴
245 3393 302 3440 em
316 3360 457 3473 dejure,
471 3394 548 3465 qua
561 3371 653 3464 apud
670 3371 845 3442 theatrum
861 3368 1023 3464 Pompeii
1035 3370 1164 3441 locare-

198 3492 225 3528 ‘⁴
250 3488 344 3559 tur.'’
386 3489 513 3583 Neque
528 3486 641 3559 mulrd
665 3487 741 3584 post
758 3485 882 3576 Caesar,
900 3489 982 3560 cum
1000 3487 1149 3582 Junium

194 3605 353 3695 blaesum,
377 3606 619 3703 proconsulem
634 3607 778 3696 Africae,
790 3607 961 3704 triumphi
975 3607 1165 3704 insignibus

195 3729 380 3817 attolleret,
406 3733 434 3769 “
451 3728 533 3799 dare
562 3726 600 3799 id
625 3727 682 3800 se”
703 3727 794 3803 dixit
817 3736 845 3772 “
863 3726 987 3800 bonuti
1013 3725 1165 3824 sejani?

195 3844 290 3945 eujus
308 3847 365 3920 ille
388 3847 583 3922 armtulus
595 3867 680 3921 erat.
1288 3866 1295 3875 ·
