2986 5138
467 616 777 685 Aunntruu
808 613 991 684 Lts.ll.
1188 614 1232 709 85

259 782 364 856 armis
386 784 596 878 opplevdre3
627 781 769 878 repertis
797 781 884 852 inter
903 780 1010 876 spolia
1030 807 1151 854 eorum
1175 807 1232 854 ca-

257 902 360 991 tenis,
396 927 479 998 quas
496 902 531 972 in
558 906 753 989 Romanos,
787 921 826 970 ut
853 926 924 971 non
953 899 1063 972 dubio
1091 921 1232 990 eventu,

152 1097 158 1109 ‚
259 1040 489 1116 portaverant.
555 1019 664 1091 Miles
696 1019 731 1090 in
764 1019 842 1091 loco
881 1017 1009 1113 proelii,
1051 1019 1233 1092 Tiberium

257 1129 477 1235 Imperatorem
509 1136 682 1227 salutavit,
712 1136 903 1233 struxitque
933 1160 1111 1231 aggerem,
1147 1143 1179 1209 δι
1198 1139 1233 1209 in

142 1268 145 1273 ’
256 1258 403 1330 modum
434 1278 648 1353 tropaeorum
686 1280 796 1343 arma,
835 1253 1026 1351 subscriptis
1064 1255 1234 1328 vislarum

260 1378 419 1474 gentium
432 1376 647 1464 nominibus,
677 1373 849 1470 imposuit.

317 1499 417 1569 XIX.
463 1498 589 1567 Hnun
630 1519 806 1567 suntuna
848 1496 1043 1566 Germanos
1076 1495 1233 1582 vulnera,

256 1616 388 1703 lustus,
420 1614 571 1702 excidia,
607 1615 715 1711 quam
754 1638 794 1684 ea
825 1611 952 1708 species
980 1614 1158 1685 dolore&
1188 1614 1236 1686 ira

260 1732 410 1806 adfecit:
451 1733 511 1829 qui
541 1733 649 1805 modb
683 1731 776 1805 abire
804 1730 953 1821 sedibus,
987 1753 1078 1804 trans
1112 1732 1235 1805 Albim

257 1852 448 1923 concedere
480 1854 657 1947 parabant,
693 1877 848 1948 pugnam
882 1853 1017 1939 volunt,
1057 1875 1151 1922 arma
1183 1876 1234 1922 ra-

258 1969 379 2065 piunt:
411 1971 542 2065 plebes,
576 1970 755 2066 primores,
778 1969 965 2066 juventus,
978 1967 1083 2057 senes,
1105 1995 1236 2065 agmen

259 2092 465 2161 Romanum
484 2090 622 2185 repente
646 2087 829 2178 incursant,
863 2091 1023 2161 turbant:
1060 2088 1235 2183 postremo

257 2208 417 2307 deligunt
443 2210 576 2297 locum,
607 2192 811 2280 flumine&
842 2207 930 2281 silvis
954 2206 1119 2296 clausum,
1146 2209 1235 2280 areu

258 2327 347 2399 intus
364 2326 519 2424 planitie,
554 2332 587 2400 &
613 2327 780 2400 humida:
810 2327 906 2398 silvas
929 2351 1068 2423 quoque
1094 2325 1234 2422 profun-

257 2447 302 2519 da
319 2450 416 2542 palus
442 2447 612 2534 ambibat,
643 2447 702 2518 nist
730 2445 826 2542 qubd
854 2446 941 2518 latus
968 2471 1079 2517 unum
1103 2448 1233 2544 Angri-

258 2565 341 2638 varii
369 2568 439 2638 lato
455 2591 582 2663 aggere
609 2567 817 2654 extulerant,
844 2564 915 2661 qu'b
937 2591 957 2636 a
979 2565 1157 2639 Cheruscis
1179 2567 1233 2639 di-

258 2682 483 2755 timerentur.
519 2686 576 2756 hle
601 2686 704 2779 pedes
724 2683 877 2769 adstitit;
912 2684 1067 2781 equitem
1093 2691 1233 2783 propin-

258 2801 335 2897 quis
360 2801 443 2873 lucis
466 2803 595 2929 texere,
628 2823 667 2873 ut
688 2802 838 2905 ingreffis
861 2805 981 2877 silvam
1003 2804 1235 2903 legionibusa

258 2938 357 3016 tergo
375 2919 476 2992 soret.

306 3039 616 3113 XX.N1u1tex
639 3041 680 3115 iis
701 3043 824 3117 Casari
849 3044 1090 3143 incognitum:
1125 3049 1233 3119 confi-

257 3156 315 3246 lia,
352 3159 460 3246 locos,
496 3181 672 3256 prompta,
707 3165 843 3236 occulta
882 3186 1038 3253 noverat,
1076 3165 1234 3261 astusque

257 3276 407 3349 hostium
424 3277 459 3347 in
487 3277 674 3372 perniciem
692 3280 769 3377 ipsis
797 3286 963 3356 vertebat.
1013 3281 1090 3354 Seio
1112 3283 1234 3353 Tube-

256 3395 331 3468 roni
348 3398 464 3492 legato
480 3395 583 3468 tradit
599 3399 768 3495 equitem,
791 3425 1045 3531 campumque:
1077 3399 1234 3494 peditum

256 3513 366 3586 aciem
390 3513 435 3585 ita
462 3513 631 3606 instnurit,
664 3538 701 3591 ut
727 3545 805 3615 pars
829 3544 932 3614 aequo
946 3518 981 3590 in
1000 3518 1118 3588 silvam
1136 3516 1234 3590 aditu

257 3632 446 3722 incederet,
493 3661 571 3730 pars
608 3636 666 3733 obj
670 3639 786 3710 eslum
824 3661 988 3734 aggerem
1027 3635 1231 3709 eniteretur.

205 3806 208 3811 -
256 3754 351 3849 quod
368 3752 531 3842 arduum,
556 3754 634 3840 fibi;
663 3776 776 3828 cetera
792 3755 912 3853 legatis
930 3754 1091 3850 permifit.
1141 3756 1232 3853 Qi-

255 3871 319 3943 bus
348 3872 450 3967 plana
481 3892 681 3962 evenerant,
712 3873 810 3946 facile
844 3874 1026 3970 inrupsre:
1054 3876 1132 3970 quls
1165 3876 1230 3949 im·

256 3991 464 4096 pugnandos
481 4016 604 4091 agger,
633 4010 673 4065 ut
691 3995 713 4065 fi
731 4018 873 4067 murum
889 3991 1122 4088 succederent,
1153 4022 1232 4097 gra-

700 4111 783 4213 Ga
