2986 5138
442 593 737 663 Annnnurnr
778 590 886 661 Lrn.
928 589 989 661 IV.
1128 613 1198 687 229

234 766 263 804 “
281 759 332 834 sos
350 784 494 856 precor:
524 763 601 852 hos,
626 780 668 836 ut¹
680 761 765 835 mihi
781 763 826 835 ad
843 763 948 834 finem
975 761 1081 858 usque
1103 762 1197 850 vitae,

234 885 261 921 “
280 879 432 976 quietam
451 887 484 954 ὅτ
502 881 756 980 intelligentem
772 881 915 954 humani
941 881 1121 977 divinique
1141 877 1198 976 ju-

234 1006 261 1041 “
280 999 324 1071 ris
340 1021 493 1072 mentem
509 1000 631 1086 duint;
659 1000 749 1090 illos,
777 1020 816 1074 ut
832 1001 1045 1097 quandoque
1061 995 1198 1071 conces·

233 1125 261 1163 “
278 1118 366 1209 sero,
391 1144 473 1192 curn
489 1121 590 1191 laude
607 1123 640 1191 ὅτ
658 1120 756 1192 bonis
772 1117 1081 1206 recordationibus,
1111 1116 1201 1189 facta

234 1244 263 1280 “
280 1259 385 1336 atque
400 1236 529 1310 famam
547 1239 696 1311 nominis
710 1239 779 1311 mei
797 1236 1076 1335 prosequantur.”
1115 1238 1200 1307 Per·

232 1356 386 1454 stititque
402 1358 559 1454 posthac,
579 1357 707 1430 secretis
720 1357 824 1430 etiam
842 1355 1069 1444 sermonibus,
1087 1351 1198 1451 asper·

232 1475 306 1548 nari
322 1478 426 1549 talem
454 1475 505 1549 sul
530 1479 689 1550 cultum:
719 1477 813 1573 quod
831 1476 888 1549 alii
914 1483 941 1518 “
958 1474 1201 1563 modestiam,”
1227 1520 1231 1528 «

233 1596 348 1686 multi,
375 1603 402 1639 “
416 1595 498 1693 quia
520 1596 728 1685 diffideret,’'
755 1595 914 1691 quidam,
946 1602 1022 1666 “ut
1049 1595 1201 1692 degene-

234 1720 262 1756 “
281 1714 325 1787 ris
342 1715 485 1806 animi,’'
501 1714 821 1810 interpretabantur.
841 1721 868 1756 ‘⁴
880 1716 1054 1809 Optumos
1071 1712 1202 1811 quippe

233 1840 262 1875 “
279 1834 492 1923 mortalium,
523 1834 681 1907 altissima
696 1857 832 1930 cupere.
882 1833 936 1906 Sic
954 1834 1149 1907 Herculem
1166 1837 1201 1905 δι

235 1952 453 2032 “Liberum
478 1955 571 2051 apud
598 1957 754 2042 Graeeos,
789 1952 975 2049 Qirinum
1002 1953 1096 2047 apud
1122 1976 1201 2040 nos,

234 2078 263 2114 “
281 2073 388 2145 debm
404 2097 549 2146 numero
566 2072 711 2146 additos.
761 2070 893 2145 Melius
911 2071 1126 2167 Augustum,
1141 2069 1202 2166 qui

233 2199 261 2234 “
278 2191 472 2288 speraverit.
522 2193 647 2264 Cetera
673 2190 891 2287 Principibus
920 2189 1036 2262 statim
1064 2190 1199 2262 adesse:

233 2317 389 2383 “unum
418 2309 651 2383 insatiabiliter
678 2311 885 2407 parandum,
925 2307 1115 2406 prosperam
1150 2306 1201 2380 sul

232 2435 261 2473 “
278 2430 508 2503 memoriam:
544 2456 625 2503 nam
652 2448 857 2526 contemptu
874 2426 990 2519 famae,
1024 2427 1203 2501 contemni

233 2555 261 2591 “
278 2549 456 2622 virtutes.”

280 2669 457 2741 XXXIX.
483 2673 543 2741 Ar
572 2671 744 2762 Sanuus
773 2669 880 2742 nimis
907 2666 1044 2743 fortun&
1075 2668 1200 2758 socors,

233 2791 267 2859 &
285 2785 445 2859 muliebri
463 2786 599 2884 insuper
616 2787 780 2884 cupidine
798 2787 964 2877 incensus,
999 2788 1202 2885 promissum

232 2904 493 2978 matrimonium
507 2905 684 3003 flagitante
700 2906 817 2995 Livia,
835 2905 1015 3002 componit
1031 2906 1074 2978 ad
1092 2902 1201 2978 Caesa-

232 3050 305 3096 rem
323 3023 519 3096 codicillos:
541 3024 646 3097 moris
657 3024 787 3123 quippe
798 3044 875 3098 tum
888 3045 972 3115 erat,
987 3050 1203 3122 quamquam

232 3143 445 3239 praesentem,
476 3140 599 3240 scripto
623 3143 743 3217 adire:
779 3142 851 3240 ejus
879 3144 955 3217 talis
983 3144 1093 3218 forma
1123 3144 1202 3217 fuit.

232 3268 261 3304 “
281 3261 520 3334 Benevolentilt
548 3261 653 3358 patris
683 3263 846 3360 Augusti,
875 3270 909 3335 δι
937 3289 1022 3336 mox
1045 3264 1202 3361 pluribus

232 3386 261 3422 “
278 3378 412 3452 Tiberii
422 3378 575 3476 judiciis,
608 3379 655 3453 ita
686 3378 878 3471 insuevisse,
907 3402 944 3454 ut
962 3382 1034 3478 spes
1052 3402 1203 3481 votaque

233 3506 261 3542 “
279 3498 337 3572 sua
354 3525 424 3570 non
442 3498 535 3595 priris
552 3500 595 3572 ad
612 3500 711 3589 deos,
728 3502 836 3596 quim
852 3501 895 3573 ad
912 3500 1113 3597 Principum
1140 3527 1202 3574 au-

232 3624 261 3662 “
279 3643 332 3690 res
349 3616 529 3691 conferret.
579 3620 707 3716 Neque
723 3619 898 3718 fulgorem
926 3622 1099 3693 honorum
1122 3647 1202 3693 um·

233 3745 261 3781 “
280 3763 386 3833 quam
405 3755 609 3833 precatum:
636 3737 800 3811 excubias
816 3763 855 3810 ac
873 3739 1018 3828 labores,
1037 3759 1076 3810 ut
1091 3765 1203 3813 unum

234 3861 263 3899 “
281 3881 300 3927 e
318 3854 498 3947 militibus,
518 3883 583 3953 pro
599 3857 835 3931 incolumitate
851 3856 1071 3954 Imperatoris
1087 3859 1202 3932 malle.

235 3980 264 4020 “
281 3980 463 4080 Attamen,
502 3977 599 4073 quod
627 3977 914 4076 pulcherrimum,
951 3977 1131 4075 adeptum,
1166 3998 1204 4052 ut

692 4097 774 4194 (υ
