2986 5138
387 585 693 652 nisinun
730 581 899 653 Ltul.
1103 605 1149 680 47

184 774 298 827 tervas
312 754 565 825 Germanorum
589 753 637 825 cis
660 755 825 825 Rhenum
843 754 1046 843 colentium,
1072 756 1149 827 Cae-

186 872 274 946 cinae
298 871 426 943 tradit:
463 873 609 944 totidem
634 871 801 967 legiones,
839 873 1017 968 duplicem
1040 873 1149 979 socio-

185 1017 262 1063 mm
301 1017 485 1063 numerum
535 989 604 1088 ipse
641 990 764 1063 ducit:
805 994 983 1087 positoque
1012 978 1152 1064 castello

183 1110 283 1206 super
305 1109 448 1207 vestigia
472 1110 602 1207 paterni
628 1109 770 1205 praesidii
798 1109 838 1196 in,
863 1130 982 1182 monte
1008 1112 1149 1199 Tauno,

183 1229 389 1325 expeditum
414 1228 604 1300 exercitum
627 1228 663 1298 in
687 1230 807 1300 Cattos
830 1228 940 1323 rapit;
965 1230 1011 1301 L.
1037 1233 1151 1325 Apro-

184 1348 244 1419 nio
273 1349 318 1419 ad
348 1347 557 1419 munitiones
579 1346 713 1418 viarum
742 1347 987 1419 &fluminum
1020 1348 1150 1421 relicto.

184 1470 296 1555 Nam,
324 1491 438 1539 rarum
454 1465 505 1536 illi
522 1468 621 1554 caero,
646 1465 807 1554 siccitate,
832 1465 1049 1539 &amnibus
1074 1493 1151 1541 mo-

184 1585 272 1658 dicis
288 1583 492 1657 inoffensum
509 1585 571 1657 iter
595 1603 856 1680 properaveram
881 1583 1087 1681 imbresque,
1115 1592 1150 1660 δι

184 1704 372 1777 fluminum
408 1706 527 1777 austus
563 1703 767 1800 regredienti
807 1707 1032 1776 metuebatur.
1082 1707 1148 1778 Sed

183 1824 292 1895 Cattis
315 1822 403 1896 aded
424 1820 629 1918 improvisus
643 1821 798 1910 advdnit,
823 1842 861 1892 ut
880 1824 975 1917 quod
993 1823 1149 1897 imbecil-

183 1944 258 2014 lum
271 1961 370 2014 aetate
383 1968 422 2015 ac
439 1940 535 2031 sexu,
561 1941 675 2013 statim
692 1962 848 2036 captum,
872 1961 930 2013 aut
942 1943 1150 2031 tmcidatum

183 2064 233 2132 fit.
283 2064 454 2155 Juventus
478 2064 609 2133 flumen
635 2062 814 2132 Adranam
850 2063 967 2133 nando
998 2060 1149 2133 tramise-

184 2198 249 2267 rat,
282 2178 532 2275 Romanosque
567 2199 711 2274 pontem
747 2199 938 2276 coeptantes
963 2184 1147 2254 arcebant:

183 2299 263 2371 dein
295 2298 474 2371 tormentis
501 2297 697 2396 sagittisque
726 2301 826 2394 pulsi,
861 2301 999 2372 tentatis
1031 2299 1151 2373 frustra

184 2417 441 2491 conditionibus
455 2417 562 2514 pacis,
585 2419 667 2489 cum
685 2417 828 2513 quidam
841 2420 886 2490 ad
899 2421 1150 2492 Germanicum

185 2535 417 2634 perfugissent,
454 2536 591 2633 reliqui,
629 2536 756 2609 omiffis
792 2538 890 2636 pagis
914 2538 1079 2635 vicisque,
1112 2537 1149 2608 in

183 2656 281 2726 silvas
308 2652 560 2752 disperguntur.
620 2654 730 2729 Caesar
764 2655 900 2729 incenso
925 2657 1058 2730 Mattio
1093 2656 1150 2751 (id

184 2772 279 2871 genti
311 2776 435 2868 caput)
471 2793 586 2870 aperta
613 2776 810 2871 populatus,
844 2776 944 2847 vertit
979 2779 1023 2846 ad
1053 2776 1149 2847 Rhe·

183 2919 268 2966 num
286 2921 294 2964 :
326 2918 397 2965 non
414 2891 495 2964 auso
511 2892 607 2964 hoste
623 2913 720 2989 terga
745 2893 947 2967 abeuntium
976 2895 1148 2982 lacessere,

183 3013 280 3110 quod
301 3012 352 3083 illi
374 3012 491 3100 moris,
523 3011 679 3107 quotiens
705 3010 779 3082 astu
808 3011 932 3108 magis,
961 3012 1067 3108 quim
1091 3036 1150 3107 per

182 3130 404 3204 formidinem
428 3132 530 3202 cessit.
580 3132 706 3202 Fuerat
734 3129 868 3202 animus
892 3128 1070 3204 Cheruscis
1091 3129 1149 3226 ju·

183 3277 264 3324 vare
280 3252 414 3338 Cattos,
432 3248 489 3320 sed
502 3248 666 3320 exterruit
678 3248 818 3321 Caecina
844 3249 913 3321 huc
940 3249 1022 3320 illuc
1039 3248 1150 3321 ferens

182 3395 302 3443 arma:
328 3374 361 3443 δι
392 3365 525 3441 Marsos
547 3366 714 3464 congredi
737 3365 845 3456 ausos,
870 3365 1031 3464 prospero
1055 3392 1149 3462 proe-

184 3488 232 3561 lio
256 3487 424 3562 cohibuit.

232 3610 346 3681 LVII.
371 3610 517 3694 Nedon
540 3605 652 3680 multb
675 3605 752 3703 post
773 3605 875 3702 legati
898 3631 918 3677 a
941 3604 1077 3703 Segeste
1088 3628 1148 3675 ve-

184 3746 322 3817 nerunt,
347 3727 518 3800 auxilium
534 3747 668 3799 orantes
684 3726 846 3798 adversus
874 3724 950 3797 vim
972 3722 1149 3821 populari·

184 3872 293 3935 um,a
309 3849 387 3943 quis
416 3845 741 3929 circumsidebatur3
777 3843 942 3917 validiore
973 3842 1067 3937 apud
1089 3865 1147 3912 eos

184 3965 363 4056 Arminio,
397 3965 539 4064 quando
572 3963 704 4036 bellum
731 3961 905 4037 suadebat.
954 3963 1051 4035 Nam
1071 3961 1149 4033 bar·
