2986 5138
257 499 329 569 304
453 471 1028 546 CConuasrrTscrrr

251 672 344 734 rum,
363 645 499 742 corpori
524 647 678 720 custodes
701 648 854 736 aderant,
885 645 947 719 suis
970 645 1114 743 quisque
1137 644 1224 721 sedi·

253 767 318 839 bus
334 784 500 854 extorres,
535 769 614 861 quls
631 791 744 862 neque
770 766 851 838 boni
876 766 1082 854 intelledlus,
1112 793 1226 863 neque

252 884 335 957 mali
368 909 465 973 cura,
505 883 561 956 sed
595 887 754 957 mercede
794 887 944 972 aluntur,
984 884 1126 958 ministri
1155 885 1225 959 sce-

253 1003 390 1076 leribus.
458 1002 527 1075 His
561 1001 761 1100 adsumptis,
800 1003 835 1075 in
864 1005 1113 1100 longinqua&
1141 1033 1224 1078 con-

253 1123 402 1194 termina
428 1121 577 1216 Scythiae
610 1121 731 1220 sugam
766 1124 963 1211 maturavit,
998 1122 1057 1218 spe
1089 1125 1223 1215 auxilii,

253 1241 336 1340 quia
360 1239 534 1336 Hyrcanis
557 1239 817 1338 Carmaniisque
846 1267 907 1338 per
935 1243 1148 1313 adfinitatem
1172 1243 1225 1314 in-

254 1386 363 1433 nexus
389 1380 485 1445 erat3
519 1379 625 1456 atque
651 1360 785 1433 interim
816 1364 911 1458 polle
938 1364 1083 1434 Parthos
1108 1359 1226 1434 absen-

252 1479 341 1552 tium
359 1505 491 1576 aequos,
518 1476 737 1575 prasentibus
753 1481 911 1571 mobiles,
933 1481 977 1554 ad
995 1481 1229 1577 paenitentiam

254 1598 390 1670 mutari.

262 1758 266 1769 ·
304 1717 494 1791 XXXVII.
520 1722 580 1792 Ar
603 1721 840 1813 Vrrasuus,
859 1719 1009 1817 profugo
1031 1723 1225 1812 ArtabanO,

255 1843 290 1911 &
324 1837 423 1911 flexis
450 1838 495 1910 ad
528 1865 662 1911 novum
694 1864 814 1937 regem
846 1839 1064 1936 popularium
1088 1841 1226 1930 animis,

251 1959 404 2031 hortatus
424 1957 601 2030 Tiridaten
631 1965 791 2055 “parata
812 1959 1020 2055 capessere,”
1047 1962 1153 2031 robur
1177 1961 1226 2031 le·

255 2077 415 2174 gionum,
439 2076 694 2174 sociorumque,
720 2077 829 2174 ripam
853 2078 897 2149 ad
915 2078 1100 2172 Euphratis
1116 2078 1226 2150 ducit.

255 2195 547 2285 Sacrificantibus,
571 2196 651 2269 clun
668 2195 726 2269 hic
743 2221 840 2269 more
857 2200 1024 2270 Romano
1039 2199 1229 2271 Suovetau-

254 2315 331 2387 rilia
346 2316 456 2402 daret,
487 2313 545 2385 ille
561 2340 691 2410 equum
715 2316 884 2410 placando
906 2316 998 2389 amni
1013 2318 1202 2390 adornasset
1217 2347 1230 2404 ;

256 2432 454 2503 nuntiavere
471 2433 615 2519 accolae,
647 2438 674 2472 “
700 2433 917 2528 Euphraten,
946 2437 1038 2508 nulla
1062 2436 1228 2509 imbrium

253 2559 281 2594 “
301 2550 350 2638 vi,
372 2549 495 2645 sponte
524 2555 557 2622 ὃς
581 2550 792 2624 immensum
817 2554 952 2640 attolli;
980 2557 1078 2628 fimul
1106 2557 1225 2629 alben·

255 2669 394 2741 “tibus
415 2666 544 2764 spumis
564 2669 599 2740 in
624 2671 772 2743 modum
800 2672 1000 2747 diadematis
1028 2679 1155 2747 sinuare
1173 2701 1228 2746 or-

255 2797 283 2831 “
304 2792 387 2872 bes;
430 2788 618 2883 auspicium
652 2789 803 2887 prosperi
843 2793 1114 2889 transgressds:''
1149 2794 1226 2890 qui·

254 2911 336 2981 dam
370 2908 526 2980 callidius
557 2908 883 3004 interpretabantur,
911 2912 1060 2985 “initia
1088 2917 1229 2985 conatus

255 3037 281 3072 “
301 3029 462 3116 secunda,
495 3052 608 3123 neque
641 3027 824 3101 diuturna:
869 3032 949 3127 quia
983 3057 1115 3119 eorum,
1151 3057 1230 3126 quae

256 3158 283 3190 ‘⁶
302 3150 390 3219 terras
407 3149 539 3219 caelove
564 3149 861 3241 portenderentur,
891 3149 1013 3221 certior
1030 3151 1134 3234 fides3
1163 3155 1228 3222 slu-

256 3276 282 3309 “
302 3267 436 3339 minum
455 3265 616 3337 instabilis
633 3285 753 3337 natura
771 3270 868 3338 srmul
887 3268 1080 3340 ostenderet
1097 3269 1227 3357 omina,

256 3395 283 3429 “
303 3387 540 3481 raperetque.’'
588 3386 653 3456 Sed
685 3407 790 3481 ponte
819 3387 966 3458 navibus
996 3389 1132 3476 effeslo,
1162 3410 1230 3460 tra-

254 3505 421 3599 missoque
438 3503 604 3591 exercitu,
620 3503 748 3599 primus
764 3505 982 3601 Ornospades
999 3508 1116 3578 multis
1132 3507 1230 3601 equi-

254 3645 330 3694 tum
350 3623 501 3693 millibus
529 3623 563 3693 in
590 3623 696 3694 castra
713 3623 830 3695 venit:
859 3624 954 3697 exsul
973 3627 1164 3721 quondam,
1193 3630 1228 3696 a

171 3788 173 3792 -
252 3741 409 3830 Tiberio,
452 3744 533 3814 cunr
573 3742 810 3815 Dalmaticum
852 3746 984 3815 bellum
1026 3745 1227 3831 conficeret,

255 3860 348 3931 haud
365 3860 531 3958 inglorius
553 3861 748 3952 auxiliator,
775 3863 887 3959 eoque
912 3863 1049 3939 civitate
1068 3866 1230 3935 Romami
