2986 5138
435 582 745 653 Anunurun
779 580 979 652 Lra.V1.
1127 582 1196 675 285

229 762 257 798 “
275 780 359 844 non,
373 774 412 828 ut
424 757 556 845 assolet,
570 756 659 828 ledo
676 780 735 851 per
751 753 942 851 magistros,
961 751 1199 848 aestimatoque

231 879 260 916 “
279 874 446 964 carmine,
475 875 569 971 apud
596 873 848 970 infrequentem
871 870 1026 944 senatum
1042 870 1199 967 egisset.”

229 993 339 1065 Simul
357 990 648 1078 commonefecit3
682 1001 708 1035 “
724 992 806 1089 quia
822 993 932 1063 multa
949 1015 1039 1062 vana
1053 988 1115 1062 sub
1137 1015 1199 1062 no-

230 1119 259 1153 “
279 1111 374 1184 mine
390 1112 518 1185 celebri
551 1113 796 1209 vulgabantur,
821 1109 965 1182 sanxisse
982 1108 1199 1205 Augustum,

230 1236 384 1328 “quem
408 1231 498 1303 intra
522 1230 617 1303 diem
644 1231 688 1302 ad
716 1250 899 1326 praetorem
926 1232 1112 1302 Urbanum
1139 1228 1200 1299 de·

231 1356 260 1392 “
278 1348 461 1439 ferrentur,
475 1375 589 1447 neque
605 1350 732 1422 habere
750 1349 912 1445 privatim
929 1349 1089 1422 liceret:''
1106 1350 1202 1443 quod

230 1494 252 1541 a
278 1465 466 1565 majoribus
490 1493 631 1565 quoque
647 1471 828 1542 decretum
845 1488 927 1558 erat,
946 1467 1022 1565 post
1037 1466 1201 1540 exustum

230 1586 345 1660 sociali
362 1589 456 1659 bello
472 1587 697 1684 Capitolium,
717 1588 861 1684 quaesrtis
878 1592 995 1677 Sam0,
1012 1586 1090 1675 Ilio,
1112 1588 1201 1680 Ery-

230 1707 331 1796 thris,
363 1731 423 1802 pet
445 1704 600 1778 Africam
619 1707 735 1795 etiam,
759 1732 798 1779 ac
822 1707 985 1796 Siciliam,
1014 1706 1202 1779 &Italicas

233 1825 386 1899 colonias
403 1824 610 1897 carminibus
626 1825 778 1921 Sibyllae,
805 1852 872 1898 una
889 1824 946 1898 seu
963 1827 1076 1922 plures
1092 1824 1201 1913 sudre,

231 1946 384 2041 datoque
406 1943 635 2016 sacerdotibus
668 1944 823 2042 negotio,
859 1945 1029 2041 quantirm
1051 1946 1203 2017 humanas

233 2088 301 2160 ope
325 2061 524 2158 potuissent,
541 2088 624 2134 vera
638 2062 837 2136 discernere.
887 2064 999 2161 Igitur
1015 2082 1098 2135 tunc
1116 2088 1203 2159 quo·

234 2207 303 2278 que
321 2180 456 2253 notioni
474 2180 793 2277 quindecimvinim
818 2181 846 2254 is
870 2182 957 2254 liber
972 2181 1163 2280 subjicitur.

281 2302 380 2372 XIII.
393 2301 534 2403 Irsneru
551 2298 761 2389 consulibus,
780 2301 947 2398 gravitate
963 2328 1109 2377 annonae
1119 2300 1202 2399 jux·

229 2441 266 2492 ta
293 2417 495 2492 seditionem
524 2439 691 2492 ventum:
718 2422 910 2517 multaque,
942 2427 976 2494 δι
1001 2424 1114 2518 plures
1141 2446 1201 2517 per

233 2539 319 2627 dies,
344 2539 379 2610 in
396 2542 530 2611 theatro
550 2538 707 2612 licentiirs
725 2539 923 2638 efflagitata,
944 2541 1050 2637 quam
1067 2538 1205 2613 solitum

234 2658 419 2729 adversirm
437 2660 704 2753 Imperatorem:
732 2660 810 2755 quis
837 2680 1049 2751 commotus,
1073 2658 1202 2733 incusa-

234 2773 284 2845 vit
323 2775 540 2870 magistratus
569 2774 758 2872 patresque,
796 2783 822 2818 “
841 2777 937 2873 qubd
965 2805 1037 2851 non
1067 2779 1206 2875 publicai

236 2900 264 2936 “
281 2892 478 2965 auderitate
509 2896 680 2989 populum
702 2894 927 2966 coercuifl'ent
941 2898 977 2967 :”
1001 2897 1206 2994 addiditque

235 3011 360 3110 quibus
389 3037 409 3082 e
434 3011 632 3107 provinciis,
663 3015 696 3083 ὅτ
726 3011 855 3108 quanti)
888 3011 1066 3109 majorem,
1097 3017 1206 3112 quam

236 3132 429 3230 Augustus,
452 3130 501 3201 rei
518 3129 745 3203 frumentariae
764 3130 904 3227 copiam
920 3132 1125 3206 advedaret.
1153 3137 1206 3207 Ita

236 3249 443 3346 castiganda
477 3249 571 3345 plebi
600 3254 831 3347 compositum
865 3249 1204 3344 senatusconsultum,

238 3366 346 3464 prisci
362 3366 562 3442 severitate:
592 3395 705 3467 neque
721 3369 858 3468 segnibs
874 3367 1029 3442 consules
1045 3371 1203 3444 edixere:

230 3486 408 3560 silentium
434 3487 536 3584 ipsius
553 3514 623 3560 non
639 3488 755 3578 civile,
784 3508 824 3560 ut
855 3489 1063 3580 crediderat,
1088 3488 1207 3567 sedin

236 3606 432 3705 superbiam
460 3607 700 3703 accipiebatur.

285 3727 384 3799 XIV.
410 3727 440 3798 F
443 3750 512 3797 run
531 3726 612 3797 anni
628 3726 823 3816 Geminius,
850 3726 981 3815 Celsus,
1003 3728 1204 3823 Pompeius,

237 3843 368 3940 equites
392 3844 561 3934 Romani,
604 3846 757 3918 cecidere
782 3844 1023 3942 conjurationis
1051 3845 1205 3921 crimine.

234 3964 299 4039 ‚Ex
316 3965 395 4059 quis
412 3963 594 4043 Geminius
611 3965 827 4068 prodigentia
843 3991 967 4063 opum,
996 3991 1035 4043 ac
1064 3966 1208 4043 molliti&
