2986 5138
395 562 932 637 nnunmuuL1n.lll.
1053 585 1145 658 '¹7¹

180 740 208 776 “
227 752 323 808 entas
343 733 504 830 epistolas
527 734 629 809 annis
652 734 875 807 cohiberent:
906 727 1061 804 miseram
1089 759 1149 828 pa·

182 859 211 894 “
229 877 307 926 cern
324 855 378 926 vel
398 855 489 927 bello
513 857 602 927 bene
623 854 784 926 mutari'?
832 850 949 923 Tantd
965 850 1150 947 impensius

180 969 216 1042 in
249 969 461 1045 securitatem
493 977 715 1069 compositus,
756 995 869 1066 neque
902 970 994 1058 loc0,
1038 995 1151 1066 neque

179 1091 280 1161 vultu
297 1090 532 1181 mutat0„sed,
563 1112 602 1164 ut
617 1090 770 1180 solitum,
792 1114 852 1185 per
870 1088 946 1161 illos
961 1086 1034 1159 dies
1049 1088 1147 1185 egit:

177 1208 362 1284 altitudine
386 1209 506 1298 animi,
532 1236 577 1283 an
600 1230 814 1307 compererat
840 1204 979 1280 modica
1000 1207 1080 1298 effe,
1115 1211 1148 1279 δι

180 1326 332 1424 vulgatis
355 1327 510 1410 leviora?

227 1448 344 1519 XLV.
370 1448 548 1522 luranru
565 1448 679 1537 Silius,
698 1473 780 1520 curn
797 1445 992 1544 legionibus
1016 1445 1151 1517 duabus

178 1563 356 1654 incedens,
374 1564 544 1660 praemissfi
560 1566 716 1639 auxiliari
733 1592 853 1653 manu,
883 1564 992 1636 vastat
1019 1565 1149 1659 Sequa·

179 1708 305 1755 norum
323 1709 447 1780 pagos,
473 1685 533 1780 qui
551 1684 674 1757 finium
693 1683 852 1773 extremi,
872 1689 906 1756 δι
924 1681 1050 1755 AEduis
1064 1707 1149 1755 con-

179 1801 331 1891 termini,
360 1801 512 1900 sociique
527 1803 563 1875 in
579 1803 681 1877 armis
697 1822 804 1881 erant.
854 1804 947 1874 Mox
972 1801 1149 1898 Augusto-

178 1921 316 1993 dunum
350 1920 433 2017 petit
464 1947 611 2018 propero
642 1920 796 2022 agmine,
826 1919 1037 1992 certantibus
1062 1920 1151 1993 inter

177 2036 210 2114 se
227 2037 406 2135 signiferis,
425 2038 592 2113 fremente
609 2041 714 2113 etiam
732 2038 891 2139 gregario
908 2037 1031 2127 milite,
1060 2047 1086 2080 ‘⁴
1106 2064 1150 2113 ne

179 2165 207 2202 “
224 2156 353 2230 suetam
371 2159 540 2256 requiem,
565 2186 608 2232 ne
619 2159 725 2257 spatia
738 2158 892 2231 noctium
910 2157 1146 2252 opperiretur:

179 2281 208 2318 “
227 2277 384 2351 viderent
416 2279 526 2351 modo
559 2277 730 2369 adversos,
765 2284 798 2348 δι
829 2275 1081 2373 aspicerentur:
1113 2278 1151 2351 id

178 2401 206 2437 “
224 2394 299 2468 satis
316 2398 363 2469 ad
379 2397 595 2472 vidioriam.’'
654 2396 916 2475 Duodecimum
943 2396 1036 2491 apud
1061 2396 1148 2492 lapi-

176 2519 273 2607 dem,
291 2519 461 2608 Sacrovir,
492 2518 673 2616 copiaeque
691 2515 886 2613 patentibus
902 2510 986 2586 locis
1002 2540 1149 2611 apparu·

177 2637 261 2713 ire:
294 2636 330 2708 in
362 2635 474 2709 fronte
505 2638 661 2711 statuerat
678 2635 832 2725 ferratos,
862 2634 898 2705 in
913 2632 1075 2710 cornibus
1092 2660 1150 2709 co·

179 2756 309 2844 hortes,
343 2781 363 2828 a
396 2776 496 2853 tergo
524 2755 721 2829 semermos.
770 2750 846 2848 lpse
873 2752 961 2826 inter
983 2752 1149 2849 primores

176 2897 269 2969 equo
284 2873 406 2971 insigni
424 2874 530 2964 adire,
554 2898 746 2946 memorare
771 2879 799 2914 “
818 2893 948 2945 veteres
965 2874 1148 2947 Gallorum

177 2998 205 3035 “
223 2991 366 3089 glorias,
393 3018 541 3091 quaeque
571 2991 740 3067 Romanis
766 2990 907 3064 adversa
934 2990 1145 3064 intulissent:

177 3116 206 3153 “
225 3109 333 3206 quim
350 3112 475 3184 decora
492 3111 683 3184 victoribus
700 3111 836 3185 libertas
851 3139 861 3196 ;
896 3109 1028 3207 quanto
1056 3110 1147 3182 into-

177 3235 206 3273 “
224 3229 389 3301 lerantior
404 3230 545 3304 servitus
562 3230 685 3304 iterum
698 3230 835 3303 vistis.''

224 3351 358 3423 XLVI.
385 3351 477 3422 Nou
495 3350 556 3422 diu
573 3351 661 3439 baec,
680 3375 744 3423 nec
761 3350 856 3445 apud
869 3349 988 3420 laetos:
1017 3351 1148 3422 etenim

176 3466 435 3565 propinquabat
470 3469 649 3567 legionum
692 3470 806 3541 acies:
841 3466 1075 3563 inconditique
1108 3493 1148 3541 ac

177 3586 312 3659 militiae
328 3587 428 3660 nescii
445 3589 628 3686 oppidani,
648 3613 761 3685 neque
783 3586 891 3660 oculis
919 3611 1034 3683 neque
1057 3585 1147 3658 auri-

175 3707 241 3778 bus
267 3704 344 3780 satis
361 3711 617 3804 competebant.
666 3708 797 3779 Contra
828 3705 944 3795 Silius,
971 3708 1028 3777 etsi
1058 3729 1146 3799 prae·

174 3822 311 3921 sumpta
327 3826 401 3922 spes
419 3826 580 3899 hortandi
596 3824 709 3898 causas
726 3846 914 3914 exemerat,
948 3821 1147 3900 clamitabat

176 3961 317 4022 tamen:
356 3953 382 3991 “
401 3947 610 4023 Pudendum
643 3945 733 4042 ipfis,
760 3945 856 4043 quod
885 3942 1147 4029 Germaniarum
