2986 5138
435 561 738 633 Anvntrunr
771 565 883 635 Lra.
912 567 939 638 Ι.
1136 594 1181 667 39

208 725 374 814 veterani,
400 729 492 802 haud
517 730 628 802 multo
652 730 727 826 post
750 731 786 802 in
811 730 960 803 Raetiam
979 730 1178 822 mittuntur,

208 843 321 939 specie
361 845 587 922 defendendae
626 848 827 944 provinciae,
871 851 918 921 ob
959 848 1179 924 imminentes

207 963 363 1035 Suevos:
392 968 544 1039 ceterlrm
560 986 598 1038 ut
623 968 850 1039 avellerentur
874 968 998 1057 castris,
1025 969 1179 1041 trucibus

207 1083 320 1155 adhuc
339 1109 409 1155 non
425 1084 540 1157 mimis
567 1083 743 1180 asperitate
759 1085 915 1174 remedii,
941 1086 1047 1181 quim
1075 1084 1178 1158 scele-

205 1199 250 1271 ris
272 1201 448 1277 memorial.
500 1203 786 1275 Centurionatum
812 1202 894 1273 inde
922 1202 1019 1299 egit:
1055 1203 1178 1277 citatus

206 1322 251 1392 ab
284 1319 501 1415 imperatore,
546 1346 689 1409 nomen,
719 1319 890 1408 ordinem,
921 1320 1079 1415 patriam,
1114 1349 1178 1395 nu-

206 1462 339 1511 merum
362 1439 623 1535 stipendiorum,
653 1465 730 1536 quae
754 1439 885 1510 strenue
912 1439 948 1510 in
974 1440 1103 1535 proeliis
1128 1441 1177 1512 fe·

206 1556 312 1644 cisset,
347 1562 380 1627 ἃ
395 1557 450 1629 cui
468 1578 560 1629 erant
577 1559 670 1629 dona
686 1557 858 1646 militaria,
892 1559 1037 1630 edebat:
1065 1562 1088 1630 fi
1117 1559 1176 1630 tri-
1288 1606 1292 1617 ·

206 1674 303 1763 buni,
334 1679 356 1745 fi
374 1676 480 1772 legio,
515 1676 711 1748 industriam
728 1675 1030 1773 innocentiamque
1046 1679 1173 1775 adpro-

203 1795 380 1881 baverant,
410 1793 574 1865 retinebat
600 1794 781 1866 ordinem:
809 1794 870 1866 ubi
899 1794 1090 1884 avaritiam,
1116 1817 1175 1869 aut

201 1911 440 1989 crudelitatem
472 1911 634 1987 consensu
666 1909 936 2012 objectavissent,
978 1910 1174 1990 solvebatur

203 2030 335 2108 militia.
1186 2026 1188 2030 '

247 2148 364 2222 XLV.
390 2150 453 2221 Src
479 2174 713 2222 conrosrrrs
737 2148 971 2246 praesentibus,
992 2153 1085 2225 haud
1105 2152 1172 2226 mi-

201 2293 265 2340 nor
287 2270 395 2340 moles
419 2267 600 2364 supererat,
617 2271 664 2341 ob
686 2268 848 2341 ferociam
873 2269 1002 2365 quintae
1019 2271 1056 2340 &
1072 2292 1171 2343 unet-

201 2387 369 2460 vicesrmae
394 2388 587 2485 legionum,
616 2387 864 2484 sexagesimum
886 2392 979 2484 apud
1003 2390 1170 2486 lapidem,

203 2508 300 2601 (loco
320 2507 431 2578 Vetera
453 2532 581 2578 nomen
603 2507 668 2600 est)
696 2506 973 2578 hibernantium:
1001 2535 1082 2580 nam
1099 2510 1169 2604 pri-

200 2627 249 2698 mi
277 2625 477 2698 seditionem
505 2646 765 2722 coeptaverant;
792 2624 1031 2699 atrocissimum
1058 2629 1170 2724 quod-

200 2769 269 2840 que
285 2743 414 2816 facinus
436 2745 559 2814 horum
579 2743 737 2815 manibus
761 2763 953 2839 patratum:
981 2768 1044 2815 nec
1067 2749 1171 2840 poenal

199 2861 481 2935 commilitonum
505 2861 670 2948 exterriti,
697 2886 760 2933 nec
782 2860 980 2956 paenitentid
1001 2867 1167 2951 convers,

199 2979 262 3053 iras
286 2980 487 3053 retinebant.
537 2980 646 3076 Igitur
672 2977 781 3051 Caesar
805 3005 913 3068 arma,
940 2980 1090 3068 classem,
1116 2980 1169 3052 so-

198 3098 269 3171 cios
285 3099 464 3171 demittere
482 3101 608 3171 Rheno
628 3118 745 3193 parat:
773 3101 797 3169 fi
825 3096 1009 3193 imperium
1034 3100 1168 3172 detrec·

198 3235 303 3305 tetur,
331 3218 425 3289 bello
442 3237 637 3289 certaturus.

245 3334 379 3407 XLVI.
405 3340 465 3408 Ar
483 3339 616 3407 RonrAE
628 3332 785 3406 nondum
798 3334 954 3431 cognito,
981 3335 1040 3432 qui
1057 3334 1168 3407 fuisset

198 3452 309 3527 exitus
344 3453 380 3525 in
417 3453 566 3548 Illyrico,
593 3453 630 3525 &
669 3452 851 3548 legionum
886 3453 1168 3525 Germanicarum

197 3591 294 3649 motu
319 3571 452 3660 audito,
488 3571 621 3667 trepida
648 3569 766 3643 civitas
794 3569 946 3643 incusare
972 3571 1166 3660 Tiberium,

200 3696 226 3731 “
240 3689 350 3784 qubd,
376 3691 462 3761 dum
480 3711 601 3786 patrer,
624 3689 661 3758 δε
683 3691 835 3785 plebem,
858 3689 1009 3761 invalida
1025 3695 1058 3762 a
1081 3690 1168 3762 iuer,

199 3815 225 3850 “
240 3808 322 3895 mia,
348 3809 565 3880 cunctatione
595 3808 673 3878 fiete
700 3807 909 3899 ludificetur,
936 3807 1088 3879 dissideat
1116 3807 1168 3879 in·

199 3928 341 4000 “terim
357 3927 468 4017 miles,
492 3951 604 4023 neque
625 3926 775 3998 duorum
797 3924 1061 3998 adolescentium
1080 3951 1169 4001 uon-

640 4022 713 4116 Dr
