2986 5138
252 540 325 613 206
471 532 1052 607 ucotmru‘rrcm

252 733 327 781 rem
340 706 504 781 statuunt.
552 706 695 806 Qtibus
709 708 942 805 adprehensis,
966 708 1129 782 “Patres
1149 734 1246 783 con·

254 833 283 869 ‘⁶
301 824 433 923 scripti,
466 830 570 918 hos,''
603 828 733 925 inquit,
767 831 953 903 “orbatos
979 850 1139 926 parente,
1168 849 1246 903 tra·

255 945 379 1019 “didi
410 968 535 1044 patruo
555 946 722 1045 ipsorum,
751 945 977 1046 precatusque
991 946 1080 1036 sum,
1107 973 1244 1045 quam·

255 1073 281 1109 “
301 1092 408 1163 quam
431 1069 511 1139 esset
538 1067 588 1140 illi
612 1066 753 1163 propria
769 1065 916 1156 soboles,
939 1092 983 1139 ne
999 1064 1097 1139 secus
1121 1068 1243 1163 quam

255 1194 283 1230 “
302 1186 403 1260 suum
425 1184 628 1283 sanguinem
650 1183 782 1259 foveret
806 1211 847 1259 ac
868 1186 1017 1275 tolleret,
1042 1184 1183 1283 sibique
1202 1192 1239 1261 δι

254 1311 283 1348 “
301 1304 444 1403 posteris
461 1302 705 1377 conformaret.
757 1308 888 1402 Erepto
900 1303 1030 1393 Druso,
1050 1328 1174 1399 preces
1190 1306 1241 1379 ad

255 1432 284 1468 “
302 1450 366 1498 vos
386 1443 566 1512 converto,
583 1421 718 1520 diisque
735 1428 768 1495 δι
793 1423 902 1520 patrias
923 1448 1043 1497 coram
1065 1424 1239 1515 obtestor,

256 1550 285 1587 “
305 1540 456 1641 Augusti
475 1559 697 1638 pronepotes,
711 1542 900 1615 clarissimis
921 1542 1111 1640 majoribus
1132 1544 1237 1641 geni-

257 1668 357 1733 “tos
383 1658 557 1757 suscipite,
578 1660 711 1759 regite:
736 1662 885 1735 vestram
908 1686 1093 1759 meamque
1115 1662 1238 1737 vicem

256 1787 285 1825 “
303 1781 452 1876 explete.
502 1780 555 1853 Hi
580 1780 696 1870 vobis,
720 1782 873 1855 Nero&
896 1779 1022 1870 Druse,
1047 1803 1239 1877 parentum

257 1906 285 1944 “
304 1900 412 1972 loco:
443 1901 493 1974 ita
520 1901 590 1974 nati
620 1900 713 1990 estis,
735 1921 776 1973 ut
804 1906 899 1977 bona
930 1902 1092 1997 malaque
1124 1902 1238 1977 vestra

257 2026 286 2064 ‘⁶
303 2020 349 2092 ad
373 2019 629 2117 rempublicam
653 2018 883 2117 pertineant.”

301 2140 367 2213 lX.
395 2142 552 2213 Mnouo
584 2166 626 2213 ea
655 2143 754 2231 lletu,
784 2144 819 2213 δι
854 2165 942 2213 mox
975 2137 1237 2237 precationibus

255 2256 374 2332 faustis
406 2260 524 2331 audita
536 2288 549 2346 3
582 2286 636 2349 ac,
671 2264 694 2333 fi
727 2261 875 2333 modum
891 2258 1040 2331 orationi
1058 2256 1237 2354 posuisset,

255 2374 488 2451 misericordia
506 2378 557 2449 sul
575 2378 753 2475 glorisque
768 2378 903 2451 animos
920 2376 1138 2450 audientium
1164 2381 1237 2452 im·

255 2496 412 2591 pleverat
425 2523 435 2567 t
450 2496 496 2569 ad
511 2520 601 2568 vana
617 2500 652 2569 δι
668 2497 795 2569 totiens
813 2494 914 2570 inrisa
931 2498 1122 2585 revolutus,
1146 2502 1175 2540 “
1187 2498 1238 2571 de

258 2619 286 2656 “
305 2611 484 2686 reddends
516 2614 714 2710 republica:
752 2637 861 2715 utque
890 2615 1059 2704 consules,
1083 2614 1142 2688 seu
1158 2616 1240 2713 quis

259 2738 289 2775 “
305 2731 405 2821 alius,
439 2731 595 2830 regimen
629 2733 875 2832 susciperent,''
912 2760 996 2808 vero
1024 2759 1168 2831 quoque
1200 2738 1237 2807 δι

258 2852 401 2925 honesto
419 2852 527 2925 fidem
545 2854 705 2951 dempsit.
755 2853 943 2928 Memoriae
967 2856 1070 2927 Drusr
1097 2854 1237 2944 endem,

258 2998 337 3069 quae
363 2971 399 3043 in
425 2970 689 3061 Germanicum,
707 2974 941 3045 decernuntur
953 3002 964 3059 ς
988 2970 1158 3069 plerisque
1173 2974 1237 3046 ad-

258 3091 352 3179 ditis,
387 3111 425 3163 ut
452 3089 562 3163 ferme
586 3110 679 3164 amat
713 3091 876 3187 posterior
900 3092 1064 3166 adulatio.
1114 3094 1237 3166 Funus

257 3209 454 3307 imaginum
473 3214 603 3308 pompsr
615 3210 767 3284 maxime
784 3211 925 3283 inlustre
940 3209 1117 3301 suit,cl1m
1134 3211 1237 3309 origo

258 3331 361 3425 Juliae
380 3331 491 3428 gentis
507 3332 653 3420 AEneas,
676 3328 866 3426 omnesque
884 3331 1103 3402 Albanomm
1121 3355 1236 3428 reges,

261 3455 294 3524 δι
312 3450 472 3524 conditor
488 3448 599 3522 Urbis
617 3450 805 3538 Romulus,
823 3448 899 3545 post
914 3449 1041 3522 Sabina
1058 3448 1237 3539 nobilitas,

260 3575 365 3643 Attus
408 3569 564 3658 Clausus,
607 3589 799 3664 ceteraeque
830 3568 1057 3642 Claudiorum
1088 3569 1235 3667 effigies,

260 3689 370 3786 longo
396 3689 517 3761 ordine
541 3687 781 3785 spesiarentur.

309 3808 358 3880 X.
383 3809 428 3880 lu
453 3830 673 3879 rnnnruun
690 3826 801 3879 morte
817 3808 936 3895 Drusi,
966 3831 1044 3902 quae
1073 3804 1233 3903 plurimis

262 3924 486 4023 maximeque
511 3922 592 3999 fidis
608 3924 806 3999 auctoribus
824 3945 1015 4000 memorata
1031 3923 1121 4017 sunt,
1143 3946 1238 4000 retu·
