<?xml version="1.0" encoding="UTF-8"?>
<!DOCTYPE html PUBLIC "-//W3C//DTD XHTML 1.0 Transitional//EN"
    "http://www.w3.org/TR/xhtml1/DTD/xhtml1-transitional.dtd">
<html xmlns="http://www.w3.org/1999/xhtml" xml:lang="en" lang="en">
 <head>
  <title>
</title>
<meta http-equiv="Content-Type" content="text/html;charset=utf-8" />
  <meta name='ocr-system' content='tesseract 3.04.00' />
  <meta name='ocr-capabilities' content='ocr_page ocr_carea ocr_par ocr_line ocrx_word'/>
</head>
<body>
  <div class='ocr_page' id='page_1' title='image "./ccorneliitaciti03ernegoog_0076.png"; bbox 0 0 2986 5138; ppageno 0'>
   <div class='ocr_carea' id='block_1_1' title="bbox 438 619 1190 728">
    <p class='ocr_par' dir='ltr' id='par_1_1' title="bbox 438 619 1190 728">
     <span class='ocr_line' id='line_1_1' title="bbox 438 619 1190 728; baseline 0.005 -30"><span class='ocrx_word' id='word_1_1' title='bbox 438 630 745 700; x_wconf 72' lang='lat' dir='ltr'>Annnstuu</span> <span class='ocrx_word' id='word_1_2' title='bbox 777 619 982 701; x_wconf 63' lang='lat' dir='ltr'>Lra.²I.‘</span> <span class='ocrx_word' id='word_1_3' title='bbox 1149 656 1190 728; x_wconf 89' lang='lat'>19</span> 
     </span>
    </p>
   </div>
   <div class='ocr_carea' id='block_1_2' title="bbox 170 795 1189 4087">
    <p class='ocr_par' dir='ltr' id='par_1_2' title="bbox 170 795 1189 4087">
     <span class='ocr_line' id='line_1_2' title="bbox 218 795 1188 895; baseline 0.011 -29"><span class='ocrx_word' id='word_1_4' title='bbox 218 802 250 837; x_wconf 74' lang='lat'>“&#39;</span> <span class='ocrx_word' id='word_1_5' title='bbox 264 795 456 870; x_wconf 87' lang='lat' dir='ltr'>vacationes</span> <span class='ocrx_word' id='word_1_6' title='bbox 469 824 649 872; x_wconf 90' lang='lat' dir='ltr'>munerum</span> <span class='ocrx_word' id='word_1_7' title='bbox 667 800 797 872; x_wconf 85' lang='lat' dir='ltr'>redimi.</span> <span class='ocrx_word' id='word_1_8' title='bbox 816 805 866 872; x_wconf 90' lang='lat' dir='ltr'>At</span> <span class='ocrx_word' id='word_1_9' title='bbox 883 801 1017 874; x_wconf 66' lang='lat' dir='ltr'>hercule</span> <span class='ocrx_word' id='word_1_10' title='bbox 1034 806 1188 895; x_wconf 87' lang='lat' dir='ltr'>verbera,</span> 
     </span>
     <span class='ocr_line' id='line_1_3' title="bbox 218 917 1187 1012; baseline 0.01 -27"><span class='ocrx_word' id='word_1_11' title='bbox 218 921 246 956; x_wconf 88' lang='lat'><strong>“</strong></span> <span class='ocrx_word' id='word_1_12' title='bbox 266 919 299 986; x_wconf 77' lang='grc' dir='ltr'>δι</span> <span class='ocrx_word' id='word_1_13' title='bbox 329 917 483 1005; x_wconf 89' lang='lat' dir='ltr'>vulnera,</span> <span class='ocrx_word' id='word_1_14' title='bbox 513 918 635 990; x_wconf 89' lang='lat' dir='ltr'>duram</span> <span class='ocrx_word' id='word_1_15' title='bbox 662 919 826 1007; x_wconf 86' lang='lat' dir='ltr'>hiemem,</span> <span class='ocrx_word' id='word_1_16' title='bbox 857 920 1017 992; x_wconf 89' lang='lat' dir='ltr'>exercitas</span> <span class='ocrx_word' id='word_1_17' title='bbox 1045 923 1187 1012; x_wconf 83' lang='lat' dir='ltr'>aestates,</span> 
     </span>
     <span class='ocr_line' id='line_1_4' title="bbox 218 1035 1185 1135; baseline 0.007 -29"><span class='ocrx_word' id='word_1_18' title='bbox 218 1040 247 1075; x_wconf 91' lang='lat'><strong>“</strong></span> <span class='ocrx_word' id='word_1_19' title='bbox 266 1035 398 1106; x_wconf 90' lang='lat' dir='ltr'>bellum</span> <span class='ocrx_word' id='word_1_20' title='bbox 414 1054 527 1126; x_wconf 86' lang='lat' dir='ltr'>atrox,</span> <span class='ocrx_word' id='word_1_21' title='bbox 557 1058 613 1108; x_wconf 87' lang='lat' dir='ltr'>aut</span> <span class='ocrx_word' id='word_1_22' title='bbox 629 1036 774 1108; x_wconf 89' lang='lat' dir='ltr'>sterilem</span> <span class='ocrx_word' id='word_1_23' title='bbox 792 1063 927 1132; x_wconf 83' lang='lat' dir='ltr'>pacem,</span> <span class='ocrx_word' id='word_1_24' title='bbox 961 1036 1185 1135; x_wconf 88' lang='lat' dir='ltr'>sempiterna:</span> 
     </span>
     <span class='ocr_line' id='line_1_5' title="bbox 218 1153 1189 1257; baseline 0.008 -34"><span class='ocrx_word' id='word_1_25' title='bbox 218 1159 245 1194; x_wconf 90' lang='lat'><strong>“</strong></span> <span class='ocrx_word' id='word_1_26' title='bbox 264 1177 327 1224; x_wconf 91' lang='lat' dir='ltr'>nec</span> <span class='ocrx_word' id='word_1_27' title='bbox 344 1153 437 1224; x_wconf 90' lang='lat' dir='ltr'>aliud</span> <span class='ocrx_word' id='word_1_28' title='bbox 467 1156 714 1244; x_wconf 85' lang='lat' dir='ltr'>levamentum,</span> <span class='ocrx_word' id='word_1_29' title='bbox 749 1157 856 1252; x_wconf 68' lang='lat' dir='ltr'>quhm</span> <span class='ocrx_word' id='word_1_30' title='bbox 873 1158 895 1227; x_wconf 91' lang='lat' dir='ltr'>fi</span> <span class='ocrx_word' id='word_1_31' title='bbox 912 1156 1010 1227; x_wconf 92' lang='lat' dir='ltr'>certis</span> <span class='ocrx_word' id='word_1_32' title='bbox 1026 1156 1088 1230; x_wconf 91' lang='lat' dir='ltr'>sub</span> <span class='ocrx_word' id='word_1_33' title='bbox 1104 1160 1189 1257; x_wconf 84' lang='lat' dir='ltr'>legi·</span> 
     </span>
     <span class='ocr_line' id='line_1_6' title="bbox 217 1271 1188 1371; baseline 0.007 -27"><span class='ocrx_word' id='word_1_34' title='bbox 217 1279 244 1313; x_wconf 87' lang='lat'><strong>“</strong></span> <span class='ocrx_word' id='word_1_35' title='bbox 263 1274 328 1344; x_wconf 92' lang='lat' dir='ltr'>bus</span> <span class='ocrx_word' id='word_1_36' title='bbox 357 1271 476 1344; x_wconf 91' lang='lat' dir='ltr'>militia</span> <span class='ocrx_word' id='word_1_37' title='bbox 492 1272 650 1358; x_wconf 89' lang='lat' dir='ltr'>iniretur;</span> <span class='ocrx_word' id='word_1_38' title='bbox 669 1294 705 1346; x_wconf 93' lang='lat' dir='ltr'>ut</span> <span class='ocrx_word' id='word_1_39' title='bbox 733 1276 881 1371; x_wconf 77' lang='lat' dir='ltr'>singulos</span> <span class='ocrx_word' id='word_1_40' title='bbox 898 1274 1052 1348; x_wconf 88' lang='lat' dir='ltr'>denarios</span> <span class='ocrx_word' id='word_1_41' title='bbox 1081 1303 1188 1351; x_wconf 91' lang='lat' dir='ltr'>mere-</span> 
     </span>
     <span class='ocr_line' id='line_1_7' title="bbox 216 1388 1188 1488; baseline 0.009 -28"><span class='ocrx_word' id='word_1_42' title='bbox 216 1398 245 1432; x_wconf 91' lang='lat'><strong>“</strong></span> <span class='ocrx_word' id='word_1_43' title='bbox 264 1410 359 1476; x_wconf 84' lang='lat' dir='ltr'>rent3</span> <span class='ocrx_word' id='word_1_44' title='bbox 378 1388 644 1464; x_wconf 86' lang='lat' dir='ltr'>sextusdecimus</span> <span class='ocrx_word' id='word_1_45' title='bbox 659 1393 815 1488; x_wconf 89' lang='lat' dir='ltr'>stipendii</span> <span class='ocrx_word' id='word_1_46' title='bbox 831 1418 939 1465; x_wconf 86' lang='lat' dir='ltr'>annus</span> <span class='ocrx_word' id='word_1_47' title='bbox 955 1394 1061 1465; x_wconf 89' lang='lat' dir='ltr'>finem</span> <span class='ocrx_word' id='word_1_48' title='bbox 1079 1396 1188 1469; x_wconf 87' lang='lat' dir='ltr'>adser-</span> 
     </span>
     <span class='ocr_line' id='line_1_8' title="bbox 217 1510 1187 1602; baseline 0.01 -23"><span class='ocrx_word' id='word_1_49' title='bbox 217 1516 244 1550; x_wconf 91' lang='lat'><strong>“</strong></span> <span class='ocrx_word' id='word_1_50' title='bbox 262 1529 310 1580; x_wconf 92' lang='lat' dir='ltr'>ret</span> <span class='ocrx_word' id='word_1_51' title='bbox 325 1538 335 1595; x_wconf 85' lang='lat'>3</span> <span class='ocrx_word' id='word_1_52' title='bbox 354 1534 398 1583; x_wconf 90' lang='lat' dir='ltr'>ne</span> <span class='ocrx_word' id='word_1_53' title='bbox 415 1512 503 1582; x_wconf 71' lang='lat' dir='ltr'>ultra</span> <span class='ocrx_word' id='word_1_54' title='bbox 524 1510 592 1584; x_wconf 83' lang='lat' dir='ltr'>sub</span> <span class='ocrx_word' id='word_1_55' title='bbox 609 1512 744 1583; x_wconf 89' lang='lat' dir='ltr'>vexillis</span> <span class='ocrx_word' id='word_1_56' title='bbox 761 1532 966 1602; x_wconf 88' lang='lat' dir='ltr'>tenerentur,</span> <span class='ocrx_word' id='word_1_57' title='bbox 995 1511 1052 1584; x_wconf 88' lang='lat' dir='ltr'>sed</span> <span class='ocrx_word' id='word_1_58' title='bbox 1068 1513 1187 1589; x_wconf 90' lang='lat' dir='ltr'>iisdem</span> 
     </span>
     <span class='ocr_line' id='line_1_9' title="bbox 216 1629 1187 1728; baseline 0.007 -28"><span class='ocrx_word' id='word_1_59' title='bbox 216 1629 297 1700; x_wconf 90' lang='lat' dir='ltr'>“in</span> <span class='ocrx_word' id='word_1_60' title='bbox 331 1630 441 1703; x_wconf 89' lang='lat' dir='ltr'>castris</span> <span class='ocrx_word' id='word_1_61' title='bbox 474 1631 654 1727; x_wconf 89' lang='lat' dir='ltr'>praemium</span> <span class='ocrx_word' id='word_1_62' title='bbox 694 1630 837 1728; x_wconf 66' lang='lat' dir='ltr'>pecunia</span> <span class='ocrx_word' id='word_1_63' title='bbox 869 1629 1060 1704; x_wconf 88' lang='lat' dir='ltr'>solveretur.</span> <span class='ocrx_word' id='word_1_64' title='bbox 1127 1640 1187 1707; x_wconf 86' lang='lat' dir='ltr'>An</span> 
     </span>
     <span class='ocr_line' id='line_1_10' title="bbox 213 1749 1186 1850; baseline 0.005 -28"><span class='ocrx_word' id='word_1_65' title='bbox 213 1756 240 1790; x_wconf 91' lang='lat'><strong>“</strong></span> <span class='ocrx_word' id='word_1_66' title='bbox 259 1749 429 1845; x_wconf 85' lang='lat' dir='ltr'>praetorias</span> <span class='ocrx_word' id='word_1_67' title='bbox 455 1751 625 1839; x_wconf 86' lang='lat' dir='ltr'>cohortes,</span> <span class='ocrx_word' id='word_1_68' title='bbox 661 1777 738 1848; x_wconf 87' lang='lat' dir='ltr'>quae</span> <span class='ocrx_word' id='word_1_69' title='bbox 755 1750 855 1823; x_wconf 91' lang='lat' dir='ltr'>binos</span> <span class='ocrx_word' id='word_1_70' title='bbox 883 1751 1037 1823; x_wconf 89' lang='lat' dir='ltr'>denarios</span> <span class='ocrx_word' id='word_1_71' title='bbox 1053 1753 1186 1850; x_wconf 85' lang='lat' dir='ltr'>accipe·</span> 
     </span>
     <span class='ocr_line' id='line_1_11' title="bbox 212 1869 1187 1966; baseline 0.004 -26"><span class='ocrx_word' id='word_1_72' title='bbox 212 1876 239 1910; x_wconf 93' lang='lat'><strong>“</strong></span> <span class='ocrx_word' id='word_1_73' title='bbox 258 1888 345 1959; x_wconf 89' lang='lat' dir='ltr'>rent,</span> <span class='ocrx_word' id='word_1_74' title='bbox 376 1896 453 1966; x_wconf 84' lang='lat' dir='ltr'>quae</span> <span class='ocrx_word' id='word_1_75' title='bbox 482 1869 556 1965; x_wconf 91' lang='lat' dir='ltr'>post</span> <span class='ocrx_word' id='word_1_76' title='bbox 583 1869 756 1942; x_wconf 87' lang='lat' dir='ltr'>sexdecim</span> <span class='ocrx_word' id='word_1_77' title='bbox 782 1894 889 1941; x_wconf 92' lang='lat' dir='ltr'>annos</span> <span class='ocrx_word' id='word_1_78' title='bbox 918 1870 1096 1966; x_wconf 89' lang='lat' dir='ltr'>penatibus</span> <span class='ocrx_word' id='word_1_79' title='bbox 1121 1870 1187 1944; x_wconf 81' lang='lat' dir='ltr'>sui‘s</span> 
     </span>
     <span class='ocr_line' id='line_1_12' title="bbox 212 1985 1185 2084; baseline 0 -23"><span class='ocrx_word' id='word_1_80' title='bbox 212 1992 240 2030; x_wconf 94' lang='lat'><strong>“</strong></span> <span class='ocrx_word' id='word_1_81' title='bbox 258 1990 455 2077; x_wconf 89' lang='lat' dir='ltr'>reddantur,</span> <span class='ocrx_word' id='word_1_82' title='bbox 472 1990 547 2083; x_wconf 88' lang='lat' dir='ltr'>plus</span> <span class='ocrx_word' id='word_1_83' title='bbox 565 1988 792 2084; x_wconf 89' lang='lat' dir='ltr'>periculomm</span> <span class='ocrx_word' id='word_1_84' title='bbox 813 1985 1001 2084; x_wconf 86' lang='lat' dir='ltr'>suscipere?</span> <span class='ocrx_word' id='word_1_85' title='bbox 1020 1990 1104 2062; x_wconf 92' lang='lat' dir='ltr'>Non</span> <span class='ocrx_word' id='word_1_86' title='bbox 1121 1989 1185 2063; x_wconf 68' lang='lat' dir='ltr'>ob&#39;-</span> 
     </span>
     <span class='ocr_line' id='line_1_13' title="bbox 213 2106 1186 2203; baseline 0.004 -25"><span class='ocrx_word' id='word_1_87' title='bbox 213 2114 240 2149; x_wconf 91' lang='lat'><strong>“</strong></span> <span class='ocrx_word' id='word_1_88' title='bbox 258 2106 389 2179; x_wconf 70' lang='lat' dir='ltr'>tredlari</span> <span class='ocrx_word' id='word_1_89' title='bbox 417 2133 437 2178; x_wconf 86' lang='lat' dir='ltr'>a</span> <span class='ocrx_word' id='word_1_90' title='bbox 462 2106 494 2179; x_wconf 93' lang='lat' dir='ltr'>se</span> <span class='ocrx_word' id='word_1_91' title='bbox 511 2109 671 2181; x_wconf 90' lang='lat' dir='ltr'>Urbanas</span> <span class='ocrx_word' id='word_1_92' title='bbox 689 2107 864 2195; x_wconf 84' lang='lat' dir='ltr'>excubias,</span> <span class='ocrx_word' id='word_1_93' title='bbox 884 2107 943 2179; x_wconf 83' lang='lat' dir='ltr'>fibi</span> <span class='ocrx_word' id='word_1_94' title='bbox 960 2127 1076 2178; x_wconf 91' lang='lat' dir='ltr'>tamen</span> <span class='ocrx_word' id='word_1_95' title='bbox 1093 2110 1186 2203; x_wconf 92' lang='lat' dir='ltr'>apud</span> 
     </span>
     <span class='ocr_line' id='line_1_14' title="bbox 208 2223 1176 2324; baseline 0.001 -28"><span class='ocrx_word' id='word_1_96' title='bbox 208 2232 240 2272; x_wconf 61' lang='lat'>=“</span> <span class='ocrx_word' id='word_1_97' title='bbox 258 2226 409 2298; x_wconf 87' lang='lat' dir='ltr'>horridas</span> <span class='ocrx_word' id='word_1_98' title='bbox 427 2247 545 2324; x_wconf 83' lang='lat' dir='ltr'>gentes</span> <span class='ocrx_word' id='word_1_99' title='bbox 562 2251 582 2298; x_wconf 90' lang='lat' dir='ltr'>e</span> <span class='ocrx_word' id='word_1_100' title='bbox 599 2225 826 2299; x_wconf 85' lang='lat' dir='ltr'>contuberniis</span> <span class='ocrx_word' id='word_1_101' title='bbox 843 2226 974 2298; x_wconf 89' lang='lat' dir='ltr'>hostem</span> <span class='ocrx_word' id='word_1_102' title='bbox 991 2223 1092 2322; x_wconf 87' lang='lat' dir='ltr'>aspici</span> <span class='ocrx_word' id='word_1_103' title='bbox 1101 2229 1141 2297; x_wconf 54' lang='lat'>&gt;.’&#39;</span> <span class='ocrx_word' id='word_1_104' title='bbox 1171 2229 1176 2243; x_wconf 59' lang='lat'><em>¹</em></span> 
     </span>
     <span class='ocr_line' id='line_1_15' title="bbox 170 2345 1183 2442; baseline 0.003 -25"><span class='ocrx_word' id='word_1_105' title='bbox 170 2424 173 2429; x_wconf 24' lang='lat'><strong>⁴</strong></span> <span class='ocrx_word' id='word_1_106' title='bbox 258 2346 389 2417; x_wconf 89' lang='lat' dir='ltr'><strong>XVIII.</strong></span> <span class='ocrx_word' id='word_1_107' title='bbox 425 2350 713 2418; x_wconf 75' lang='lat' dir='ltr'>Ausrnnrnnnr</span> <span class='ocrx_word' id='word_1_108' title='bbox 747 2346 873 2442; x_wconf 84' lang='lat' dir='ltr'>vulgus</span> <span class='ocrx_word' id='word_1_109' title='bbox 900 2345 1038 2418; x_wconf 83' lang='lat' dir='ltr'>diverfis</span> <span class='ocrx_word' id='word_1_110' title='bbox 1066 2347 1183 2420; x_wconf 85' lang='lat' dir='ltr'>incita·</span> 
     </span>
     <span class='ocr_line' id='line_1_16' title="bbox 185 2463 1183 2561; baseline 0.001 -25"><span class='ocrx_word' id='word_1_111' title='bbox 185 2517 188 2522; x_wconf 89' lang='lat'><em>-</em></span> <span class='ocrx_word' id='word_1_112' title='bbox 210 2464 355 2537; x_wconf 90' lang='lat' dir='ltr'>mentis:</span> <span class='ocrx_word' id='word_1_113' title='bbox 375 2464 411 2537; x_wconf 89' lang='lat' dir='ltr'>hi</span> <span class='ocrx_word' id='word_1_114' title='bbox 428 2467 609 2537; x_wconf 90' lang='lat' dir='ltr'>verberum</span> <span class='ocrx_word' id='word_1_115' title='bbox 626 2485 737 2554; x_wconf 89' lang='lat' dir='ltr'>notas,</span> <span class='ocrx_word' id='word_1_116' title='bbox 771 2463 820 2535; x_wconf 93' lang='lat' dir='ltr'>illi</span> <span class='ocrx_word' id='word_1_117' title='bbox 837 2463 1010 2553; x_wconf 80' lang='lat' dir='ltr'>canitiem,</span> <span class='ocrx_word' id='word_1_118' title='bbox 1045 2464 1183 2561; x_wconf 85' lang='lat' dir='ltr'>plurimi</span> 
     </span>
     <span class='ocr_line' id='line_1_17' title="bbox 204 2580 1182 2682; baseline 0 -25"><span class='ocrx_word' id='word_1_119' title='bbox 204 2580 329 2657; x_wconf 85' lang='lat' dir='ltr'>¹detrita</span> <span class='ocrx_word' id='word_1_120' title='bbox 360 2584 515 2682; x_wconf 86' lang='lat' dir='ltr'>tegmina</span> <span class='ocrx_word' id='word_1_121' title='bbox 548 2589 580 2656; x_wconf 68' lang='grc' dir='ltr'>ὃ(</span> <span class='ocrx_word' id='word_1_122' title='bbox 609 2584 743 2656; x_wconf 89' lang='lat' dir='ltr'>nudum</span> <span class='ocrx_word' id='word_1_123' title='bbox 777 2608 899 2678; x_wconf 88' lang='lat' dir='ltr'>corpus</span> <span class='ocrx_word' id='word_1_124' title='bbox 927 2585 1182 2678; x_wconf 78' lang='lat' dir='ltr'>exprobrantes</span> 
     </span>
     <span class='ocr_line' id='line_1_18' title="bbox 206 2701 1183 2797; baseline 0.001 -23"><span class='ocrx_word' id='word_1_125' title='bbox 206 2702 382 2777; x_wconf 81' lang='lat' dir='ltr'>Postremo</span> <span class='ocrx_word' id='word_1_126' title='bbox 399 2703 440 2775; x_wconf 80' lang='lat' dir='ltr'>eb</span> <span class='ocrx_word' id='word_1_127' title='bbox 451 2702 571 2775; x_wconf 87' lang='lat' dir='ltr'>suroris</span> <span class='ocrx_word' id='word_1_128' title='bbox 589 2705 725 2792; x_wconf 67' lang='lat' dir='ltr'>venere,</span> <span class='ocrx_word' id='word_1_129' title='bbox 744 2722 782 2774; x_wconf 91' lang='lat' dir='ltr'>ut</span> <span class='ocrx_word' id='word_1_130' title='bbox 800 2724 864 2774; x_wconf 88' lang='lat' dir='ltr'>tres</span> <span class='ocrx_word' id='word_1_131' title='bbox 877 2701 1028 2797; x_wconf 85' lang='lat' dir='ltr'>legiones</span> <span class='ocrx_word' id='word_1_132' title='bbox 1045 2701 1183 2776; x_wconf 87' lang='lat' dir='ltr'>miscere</span> 
     </span>
     <span class='ocr_line' id='line_1_19' title="bbox 207 2819 1182 2920; baseline 0.001 -26"><span class='ocrx_word' id='word_1_133' title='bbox 207 2823 242 2894; x_wconf 89' lang='lat' dir='ltr'>in</span> <span class='ocrx_word' id='word_1_134' title='bbox 258 2849 364 2896; x_wconf 88' lang='lat' dir='ltr'>unam</span> <span class='ocrx_word' id='word_1_135' title='bbox 376 2821 577 2920; x_wconf 81' lang='lat' dir='ltr'>agitaverint</span> <span class='ocrx_word' id='word_1_136' title='bbox 595 2850 603 2892; x_wconf 91' lang='lat'>:</span> <span class='ocrx_word' id='word_1_137' title='bbox 623 2823 751 2917; x_wconf 82' lang='lat' dir='ltr'>depulsi</span> <span class='ocrx_word' id='word_1_138' title='bbox 770 2819 1000 2908; x_wconf 69' lang='lat' dir='ltr'>aemulatione,</span> <span class='ocrx_word' id='word_1_139' title='bbox 1020 2821 1099 2917; x_wconf 91' lang='lat' dir='ltr'>quia</span> <span class='ocrx_word' id='word_1_140' title='bbox 1116 2820 1182 2895; x_wconf 85' lang='lat' dir='ltr'>suae</span> 
     </span>
     <span class='ocr_line' id='line_1_20' title="bbox 205 2940 1184 3040; baseline -0.002 -26"><span class='ocrx_word' id='word_1_141' title='bbox 205 2940 349 3040; x_wconf 87' lang='lat' dir='ltr'>quisque</span> <span class='ocrx_word' id='word_1_142' title='bbox 380 2941 508 3038; x_wconf 86' lang='lat' dir='ltr'>legioni</span> <span class='ocrx_word' id='word_1_143' title='bbox 541 2965 622 3017; x_wconf 86' lang='lat' dir='ltr'>eum</span> <span class='ocrx_word' id='word_1_144' title='bbox 671 2943 838 3012; x_wconf 86' lang='lat' dir='ltr'>honorem</span> <span class='ocrx_word' id='word_1_145' title='bbox 871 2941 1080 3035; x_wconf 83' lang='lat' dir='ltr'>quaerebant,</span> <span class='ocrx_word' id='word_1_146' title='bbox 1115 2941 1184 3012; x_wconf 80' lang='lat' dir='ltr'>alib</span> 
     </span>
     <span class='ocr_line' id='line_1_21' title="bbox 206 3058 1181 3157; baseline 0 -24"><span class='ocrx_word' id='word_1_147' title='bbox 206 3081 355 3149; x_wconf 85' lang='lat' dir='ltr'>vertunt,</span> <span class='ocrx_word' id='word_1_148' title='bbox 389 3082 491 3156; x_wconf 88' lang='lat' dir='ltr'>atque</span> <span class='ocrx_word' id='word_1_149' title='bbox 508 3061 576 3132; x_wconf 73' lang='lat' dir='ltr'>una</span> <span class='ocrx_word' id='word_1_150' title='bbox 593 3080 659 3131; x_wconf 88' lang='lat' dir='ltr'>tres</span> <span class='ocrx_word' id='word_1_151' title='bbox 676 3059 806 3157; x_wconf 89' lang='lat' dir='ltr'>aquilas</span> <span class='ocrx_word' id='word_1_152' title='bbox 825 3063 857 3130; x_wconf 79' lang='grc' dir='ltr'>δι</span> <span class='ocrx_word' id='word_1_153' title='bbox 875 3061 970 3156; x_wconf 85' lang='lat' dir='ltr'>figna</span> <span class='ocrx_word' id='word_1_154' title='bbox 986 3058 1181 3133; x_wconf 92' lang='lat' dir='ltr'>cohortium</span> 
     </span>
     <span class='ocr_line' id='line_1_22' title="bbox 206 3175 1181 3275; baseline -0.001 -24"><span class='ocrx_word' id='word_1_155' title='bbox 206 3182 342 3252; x_wconf 89' lang='lat' dir='ltr'>locant:</span> <span class='ocrx_word' id='word_1_156' title='bbox 364 3181 460 3251; x_wconf 79' lang='lat' dir='ltr'>simul</span> <span class='ocrx_word' id='word_1_157' title='bbox 478 3198 670 3275; x_wconf 86' lang='lat' dir='ltr'>congerunt</span> <span class='ocrx_word' id='word_1_158' title='bbox 686 3175 839 3274; x_wconf 88' lang='lat' dir='ltr'>cespites,</span> <span class='ocrx_word' id='word_1_159' title='bbox 868 3178 1042 3250; x_wconf 86' lang='lat' dir='ltr'>exstruunt</span> <span class='ocrx_word' id='word_1_160' title='bbox 1074 3178 1181 3250; x_wconf 91' lang='lat' dir='ltr'>tribu-</span> 
     </span>
     <span class='ocr_line' id='line_1_23' title="bbox 205 3295 1180 3395; baseline -0.005 -25"><span class='ocrx_word' id='word_1_161' title='bbox 205 3301 275 3387; x_wconf 84' lang='lat' dir='ltr'>nal,</span> <span class='ocrx_word' id='word_1_162' title='bbox 295 3298 366 3395; x_wconf 76' lang='lat' dir='ltr'>qud</span> <span class='ocrx_word' id='word_1_163' title='bbox 379 3297 489 3395; x_wconf 85' lang='lat' dir='ltr'>magis</span> <span class='ocrx_word' id='word_1_164' title='bbox 506 3296 687 3392; x_wconf 86' lang='lat' dir='ltr'>conspicua</span> <span class='ocrx_word' id='word_1_165' title='bbox 699 3295 792 3370; x_wconf 80' lang='lat' dir='ltr'>sede&#39;s</span> <span class='ocrx_word' id='word_1_166' title='bbox 805 3296 900 3369; x_wconf 87' lang='lat' dir='ltr'>soret.</span> <span class='ocrx_word' id='word_1_167' title='bbox 915 3295 1180 3391; x_wconf 90' lang='lat' dir='ltr'>Properantibus</span> 
     </span>
     <span class='ocr_line' id='line_1_24' title="bbox 204 3415 1179 3512; baseline -0.006 -23"><span class='ocrx_word' id='word_1_168' title='bbox 204 3416 327 3490; x_wconf 84' lang='lat' dir='ltr'>Blaesus</span> <span class='ocrx_word' id='word_1_169' title='bbox 355 3417 519 3501; x_wconf 69' lang='lat' dir='ltr'>advenit3</span> <span class='ocrx_word' id='word_1_170' title='bbox 540 3415 817 3512; x_wconf 86' lang='lat' dir='ltr'>increpabatque,</span> <span class='ocrx_word' id='word_1_171' title='bbox 851 3441 891 3487; x_wconf 87' lang='lat' dir='ltr'>ac</span> <span class='ocrx_word' id='word_1_172' title='bbox 919 3415 1083 3485; x_wconf 89' lang='lat' dir='ltr'>retinebat</span> <span class='ocrx_word' id='word_1_173' title='bbox 1116 3417 1179 3484; x_wconf 89' lang='lat' dir='ltr'>sm-</span> 
     </span>
     <span class='ocr_line' id='line_1_25' title="bbox 204 3530 1181 3633; baseline -0.004 -25"><span class='ocrx_word' id='word_1_174' title='bbox 204 3538 318 3633; x_wconf 84' lang='lat' dir='ltr'>gulos,</span> <span class='ocrx_word' id='word_1_175' title='bbox 348 3535 548 3607; x_wconf 89' lang='lat' dir='ltr'>clamitans:</span> <span class='ocrx_word' id='word_1_176' title='bbox 587 3543 614 3577; x_wconf 88' lang='lat'><strong>“</strong></span> <span class='ocrx_word' id='word_1_177' title='bbox 647 3538 733 3608; x_wconf 61' lang='lat' dir='ltr'>Mes</span> <span class='ocrx_word' id='word_1_178' title='bbox 766 3533 878 3631; x_wconf 79' lang='lat' dir='ltr'>potihs</span> <span class='ocrx_word' id='word_1_179' title='bbox 910 3533 1005 3604; x_wconf 82' lang='lat' dir='ltr'>caede</span> <span class='ocrx_word' id='word_1_180' title='bbox 1036 3530 1181 3605; x_wconf 88' lang='lat' dir='ltr'>imbuite</span> 
     </span>
     <span class='ocr_line' id='line_1_26' title="bbox 201 3650 1178 3750; baseline -0.005 -24"><span class='ocrx_word' id='word_1_181' title='bbox 201 3661 231 3698; x_wconf 83' lang='lat'>“</span> <span class='ocrx_word' id='word_1_182' title='bbox 250 3679 395 3726; x_wconf 89' lang='lat' dir='ltr'>manus:</span> <span class='ocrx_word' id='word_1_183' title='bbox 445 3654 573 3726; x_wconf 87' lang='lat' dir='ltr'>leviore</span> <span class='ocrx_word' id='word_1_184' title='bbox 607 3653 740 3750; x_wconf 87' lang='lat' dir='ltr'>flagitio</span> <span class='ocrx_word' id='word_1_185' title='bbox 774 3656 927 3750; x_wconf 84' lang='lat' dir='ltr'>legatum</span> <span class='ocrx_word' id='word_1_186' title='bbox 960 3650 1178 3743; x_wconf 87' lang='lat' dir='ltr'>interficietis,</span> 
     </span>
     <span class='ocr_line' id='line_1_27' title="bbox 202 3768 1179 3870; baseline -0.003 -25"><span class='ocrx_word' id='word_1_187' title='bbox 202 3780 232 3815; x_wconf 89' lang='lat'><strong>“</strong></span> <span class='ocrx_word' id='word_1_188' title='bbox 251 3775 358 3870; x_wconf 70' lang='lat' dir='ltr'>quam</span> <span class='ocrx_word' id='word_1_189' title='bbox 385 3776 429 3847; x_wconf 89' lang='lat' dir='ltr'>ab</span> <span class='ocrx_word' id='word_1_190' title='bbox 458 3774 659 3869; x_wconf 88' lang='lat' dir='ltr'>imperatore</span> <span class='ocrx_word' id='word_1_191' title='bbox 675 3769 863 3844; x_wconf 87' lang='lat' dir='ltr'>desciscitis.</span> <span class='ocrx_word' id='word_1_192' title='bbox 893 3777 965 3842; x_wconf 84' lang='lat' dir='ltr'>Aut</span> <span class='ocrx_word' id='word_1_193' title='bbox 998 3768 1179 3843; x_wconf 90' lang='lat' dir='ltr'>incolumis</span> 
     </span>
     <span class='ocr_line' id='line_1_28' title="bbox 204 3888 1177 3990; baseline -0.003 -27"><span class='ocrx_word' id='word_1_194' title='bbox 204 3900 230 3934; x_wconf 90' lang='lat'><strong>“</strong></span> <span class='ocrx_word' id='word_1_195' title='bbox 249 3892 357 3964; x_wconf 88' lang='lat' dir='ltr'>fidem</span> <span class='ocrx_word' id='word_1_196' title='bbox 384 3892 563 3990; x_wconf 85' lang='lat' dir='ltr'>legionum</span> <span class='ocrx_word' id='word_1_197' title='bbox 592 3890 760 3981; x_wconf 89' lang='lat' dir='ltr'>retineb0‚</span> <span class='ocrx_word' id='word_1_198' title='bbox 789 3911 846 3962; x_wconf 91' lang='lat' dir='ltr'>aut</span> <span class='ocrx_word' id='word_1_199' title='bbox 868 3888 1046 3989; x_wconf 82' lang='lat' dir='ltr'>jugulatus</span> <span class='ocrx_word' id='word_1_200' title='bbox 1074 3890 1177 3986; x_wconf 76' lang='lat' dir='ltr'>paeni.</span> 
     </span>
     <span class='ocr_line' id='line_1_29' title="bbox 201 4010 655 4087; baseline 0.004 -1"><span class='ocrx_word' id='word_1_201' title='bbox 201 4017 229 4061; x_wconf 84' lang='lat'>“</span> <span class='ocrx_word' id='word_1_202' title='bbox 247 4010 391 4087; x_wconf 88' lang='lat' dir='ltr'>tentiam</span> <span class='ocrx_word' id='word_1_203' title='bbox 407 4011 655 4087; x_wconf 85' lang='lat' dir='ltr'>adcelerabo.&#39;&#39;.</span> 
     </span>
    </p>
   </div>
   <div class='ocr_carea' id='block_1_3' title="bbox 674 4129 750 4208">
    <p class='ocr_par' dir='ltr' id='par_1_3' title="bbox 674 4129 750 4208">
     <span class='ocr_line' id='line_1_30' title="bbox 674 4129 750 4208; baseline 0.066 -5"><span class='ocrx_word' id='word_1_204' title='bbox 674 4129 750 4208; x_wconf 80' lang='lat' dir='ltr'>Ca</span> 
     </span>
    </p>
   </div>
   <div class='ocr_carea' id='block_1_4' title="bbox 0 0 1498 5138">
    <p class='ocr_par' dir='ltr' id='par_1_4' title="bbox 0 0 1498 5138">
     <span class='ocr_line' id='line_1_31' title="bbox 0 0 1498 5138; baseline 0 3"><span class='ocrx_word' id='word_1_205' title='bbox 0 0 1498 5138; x_wconf 95' lang='lat' dir='ltr'> </span> 
     </span>
    </p>
   </div>
  </div>
 </body>
</html>
