2986 5138
256 533 324 602 288
471 525 1035 598 CConuenrrTnerrr

255 702 351 791 fisc0,
370 704 426 774 vel
445 701 561 775 aerario
577 701 806 774 attinebatur:
832 701 877 772 ad
904 703 972 772 hoc
989 699 1121 773 senatus
1136 723 1228 795 prae-

253 821 437 918 scripserat,
465 830 490 862 “
508 822 593 893 duas
610 819 753 917 quisque
779 819 904 892 fenoris
931 839 1040 917 partes
1067 819 1105 891 in
1134 819 1228 916 agris

255 948 283 982 “
302 967 362 1036 per
380 940 515 1011 ltaliam
532 940 761 1012 conlocaret.''
811 939 877 1010 Sed
895 937 1079 1011 creditores
1091 938 1128 1010 in
1144 938 1228 1011 soli·

253 1061 341 1130 dum
369 1060 614 1155 appellabant:
646 1083 710 1129 nee
738 1059 906 1130 decorum
932 1057 1124 1153 appellatis,
1155 1057 1227 1130 mi-

254 1203 360 1250 nuere
378 1179 496 1249 fidem.
545 1180 598 1249 lta
626 1175 740 1271 primi>
766 1175 990 1265 concursatio,
1021 1182 1054 1249 ἃ
1084 1201 1227 1271 preces3

253 1296 334 1368 dein
359 1296 505 1392 strepere
533 1294 683 1391 praetoris
708 1295 883 1368 tribunal:
912 1320 1033 1392 eaque,
1063 1321 1141 1391 quae
1170 1322 1229 1369 re·

255 1415 374 1488 medio
390 1417 540 1511 quaesrta,
561 1412 730 1505 venditio,
749 1419 782 1486 δι
800 1414 945 1512 empti0,
962 1414 997 1486 in
1013 1415 1232 1489 contrarium

253 1534 403 1617 mutari:
431 1533 513 1627 quia
529 1532 735 1606 feneratores
753 1559 895 1606 omnem
925 1533 1107 1631 pecuniam
1130 1560 1226 1608 mer-

254 1651 374 1725 candis
401 1651 493 1749 agris
519 1651 756 1726 condiderant.
805 1653 954 1749 Copiam
978 1653 1152 1727 vendendi
1173 1653 1227 1726 se·

253 1774 331 1846 cuti:
348 1770 491 1861 vilitate,
507 1771 637 1868 quanto
655 1771 732 1868 quis
750 1772 944 1862 obaeratior,
959 1771 1083 1869 aegrids
1097 1772 1225 1848 distra-

254 1893 409 1976 hebant3
440 1890 611 1985 multique
627 1888 774 1964 fortunis
792 1893 1100 1987 provolvebantur:
1127 1917 1226 1966 ever·

255 2014 304 2084 sro
331 2011 379 2082 rei
412 2009 586 2082 familiaris
618 2010 821 2108 dignitatem
849 2037 888 2084 ac
915 2008 1044 2083 samam
1071 2037 1227 2110 praeceps

255 2132 385 2203 dabat:
431 2131 543 2202 donec
573 2129 651 2202 tulit
680 2155 790 2228 'opem
818 2129 942 2221 Caesar,
970 2129 1131 2227 disposito
1164 2157 1229 2227 per

255 2249 387 2324 mensas
418 2249 541 2321 millies
558 2247 719 2338 sestertio,
754 2248 910 2345 laetaque
927 2248 1108 2323 mutuandi
1124 2251 1230 2346 copis:

256 2373 324 2442 sine
353 2367 459 2440 usuris
489 2394 550 2464 per
577 2367 777 2457 triennium,
816 2373 837 2441 sr
866 2368 1003 2441 debitor
1029 2370 1160 2465 populo
1190 2371 1227 2443 in

254 2487 403 2582 duplum
431 2485 569 2581 praediis
602 2486 751 2558 cavisset.
800 2486 854 2560 Sic
887 2485 1012 2559 refedla
1043 2487 1152 2574 fides:
1189 2495 1225 2563 δι

256 2604 435 2702 paullatim
463 2602 586 2698 privati
613 2629 755 2700 quoque
784 2605 969 2678 creditores
985 2608 1132 2701 reperti:
1162 2633 1226 2681 ne·

256 2750 324 2821 que
343 2722 474 2818 emptio
492 2748 653 2817 agrorum
671 2723 821 2796 exercita
845 2725 889 2794 ad
912 2721 1059 2796 sormam
1076 2723 1225 2800 senatus-

253 2843 411 2932 consulti,
445 2841 594 2933 acribus,
624 2865 662 2916 ut
680 2842 785 2915 ferme
803 2844 893 2933 talia,
911 2843 1030 2932 initiis,
1057 2844 1227 2918 incurioso

256 2967 336 3039 fine.

303 3085 435 3156 XVlll.
462 3085 569 3154 Duru
590 3085 732 3154 redeunt
752 3084 877 3178 priores
901 3105 1026 3172 metus,
1052 3084 1225 3180 postulato

253 3201 431 3299 majestatis
462 3202 624 3273 Considio
650 3204 824 3274 Proculo:
862 3203 921 3298 qui
960 3205 1056 3274 nullo
1094 3229 1225 3299 pavore

253 3324 347 3395 diem
365 3323 512 3392 natalem
531 3323 718 3408 celebrans,
745 3343 861 3416 raptus
889 3322 925 3392 in
958 3322 1104 3410 curiam,
1135 3323 1225 3418 pari-

252 3460 372 3536 terque
401 3441 583 3511 damnatus
614 3439 896 3536 interscdlusque:
934 3445 966 3512 br
1005 3440 1110 3511 sorori
1149 3440 1225 3537 ejus

253 3560 380 3632 Sanciae
399 3561 486 3653 aqud
504 3578 607 3652 atquc
625 3558 697 3654 igni
715 3559 945 3649 interdidlum,
972 3559 1149 3632 accusante
1173 3566 1232 3659 Q

253 3677 461 3772 Pomponio.
512 3679 544 3747 ls
562 3677 717 3748 moribus
735 3678 880 3773 inquies,
911 3688 936 3720 “
951 3683 1024 3752 haec
1046 3684 1078 3751 ἃ
1106 3678 1223 3775 liujus·

253 3805 280 3838 “
300 3796 435 3868 cemodi
453 3822 472 3866 a
490 3795 522 3867 se
538 3794 705 3867 saditari''
733 3800 982 3892 praetendebat,
1010 3818 1061 3887 ut,
1086 3806 1112 3839 “
1126 3801 1223 3893 partd

255 3918 393 4011 “apud
415 3914 611 4012 Principem
630 3915 747 4012 gratis,
772 3916 932 4013 periculis
949 3917 1136 4016 Pomponii
1162 3919 1222 3990 Se·
