2986 5138
454 559 984 633 insanissimam.
1135 560 1200 656 167

232 733 334 820 dum,
364 729 606 827 proconsulem
631 732 757 820 Cretae,
786 731 1015 828 postulaverat
1043 751 1202 827 repetun-

231 849 309 934 dis;
337 849 457 922 addito
475 848 654 947 majestatis
676 849 834 940 crimine,
866 850 962 946 quod
987 869 1062 921 tum
1087 849 1202 922 omni·

232 995 294 1043 um
309 967 565 1045 accusationum
575 972 875 1066 complementum
888 989 969 1041 erat.
1018 965 1201 1041 Caesaran·

231 1086 361 1162 tistium
387 1089 560 1176 Veterem,
594 1113 614 1161 e
640 1087 850 1184 primoribus
878 1085 1114 1175 Macedonia,
1141 1088 1205 1159 ab·

231 1203 383 1277 solutum
400 1206 571 1295 adulterii,
601 1206 778 1301 increpitis
794 1204 987 1304 judicibus,
1018 1204 1062 1277 ad
1086 1203 1204 1277 dicen·
1306 1266 1310 1273 .

230 1323 316 1403 dam
338 1322 518 1420 majestatis
544 1322 678 1397 causam
704 1324 853 1415 retraxit,
881 1343 920 1395 ut
946 1322 1138 1410 turbidum,
1169 1327 1203 1396 δι

233 1439 504 1537 Rhescuporidis
515 1442 661 1515 consiliis
675 1442 902 1538 permixtum,
919 1445 988 1539 qul
1004 1440 1204 1537 tempestate

231 1559 356 1654 Cotye,
383 1557 494 1633 statris
515 1564 556 1634 F.
585 1560 779 1652 intersedo,
805 1563 937 1634 be'llum
958 1561 1119 1634 adversus
1141 1585 1205 1633 nos

231 1679 398 1751 volverat.
415 1680 526 1777 Igitur
542 1682 660 1776 “aquai
672 1684 706 1753 δε
718 1678 1019 1776 igniinterdisium
1033 1680 1131 1769 re0‚''
1142 1680 1203 1752 ad·

231 1800 450 1894 positumque
463 1797 830 1888 “uttenereturinsulh
844 1823 958 1895 neque
968 1797 1204 1889 Macedoniae,

232 1922 260 1961 “
279 1918 556 2012 neqoeThraciae
571 1917 801 2014 opportund.''
818 1913 1084 2004 NamThracia,
1095 1915 1205 1989 diviso

230 2034 378 2130 imperio
390 2036 425 2108 in
436 2038 704 2110 Rhoemetalcen
715 2039 748 2108 δι
760 2035 885 2108 liberos
901 2034 1035 2130 Cotyis,
1062 2035 1140 2130 quis
1157 2037 1205 2112 ob

229 2152 408 2230 infantiam
425 2175 518 2228 tutor
533 2176 606 2230 erat
621 2154 862 2231 Trebellianus
879 2153 1006 2243 Rufiis,
1029 2151 1206 2229 insolentis

229 2272 336 2346 nostrl
364 2272 489 2347 discors
501 2276 648 2371 agebat3
668 2298 780 2370 neque
793 2273 908 2345 minus
921 2273 1203 2362 Rhoemetalcen,
1279 2334 1282 2339 .

231 2392 338 2488 quam
353 2392 618 2466 Trebellienum
635 2391 803 2481 incusans,
837 2390 1057 2488 popularium
1069 2388 1205 2487 injurias

230 2509 355 2585 inultas
378 2515 492 2585 sinere.
542 2512 700 2600 Coeletae,
731 2508 957 2607 Odrysaeque,
993 2515 1026 2582 a
1044 2509 1117 2600 Dii,
1144 2535 1204 2582 va-

231 2629 310 2701 lidae
327 2630 498 2722 nationes,
515 2656 611 2703 arma
627 2633 762 2725 cepere,
775 2629 925 2703 ducibus
939 2628 1077 2702 diversis
1096 2633 1203 2725 &pa-

231 2746 326 2825 ribus
339 2746 425 2819 inter
437 2746 470 2823 se
483 2774 543 2844 per
558 2748 814 2846 ignobilitatem
828 2777 837 2820 ε
866 2776 944 2846 quae
957 2746 1142 2836 causasuit,
1160 2773 1204 2819 ne

229 2863 267 2958 in
296 2865 428 2939 bellum
450 2885 550 2939 atrox
576 2865 823 2943 coalescerent:
852 2892 929 2963 pars
956 2868 1094 2941 turbant
1116 2892 1203 2962 prae-

230 2982 358 3057 sentia:
386 2983 444 3056 alii
461 3004 618 3058 montem
635 2988 807 3059 Haemum
823 2983 1131 3082 transgrediuntur,
1165 3005 1204 3057 ut

228 3123 379 3176 remotos
408 3106 556 3200 populos
583 3105 783 3179 concirent:
819 3104 959 3202 plurimi
985 3129 1025 3178 ac
1051 3101 1204 3175 maxims

229 3223 409 3318 compositi
453 3248 587 3320 regem,
633 3226 826 3320 urbemque
865 3221 1142 3318 Philippopolim
1182 3247 1203 3295 a

228 3342 429 3420 Macedone
444 3341 610 3437 Philippo
627 3345 738 3433 fitam,
768 3341 1022 3415 circumstdunt.

274 3462 450 3535 XXXIX.
488 3464 590 3557 QAE
621 3460 684 3533 ubi
717 3459 858 3558 cognita
890 3461 929 3531 P.
963 3457 1111 3547 Vellei0,
1152 3457 1200 3553 (is

228 3579 434 3679 proximum
450 3578 642 3652 exercitum
660 3579 879 3676 praesidebat)
910 3575 1032 3651 alarios
1055 3576 1199 3672 equites,

226 3723 267 3777 ac
284 3700 377 3770 leves
393 3696 590 3770 cohortium
607 3697 710 3769 mittit
728 3697 852 3787 ineos,
881 3694 940 3793 qui
959 3693 1200 3791 praedabundi,

227 3837 288 3894 aut
311 3815 528 3889 adsumendis
550 3815 702 3908 auxiliis,
733 3819 973 3913 vagabantur:
1000 3810 1071 3908 ipse
1095 3815 1201 3887 robur

227 3934 401 4043 puditum,
428 3936 473 4009 ad
495 3933 747 4011 exsolvendum
776 3935 961 4027 obsidium,
990 3932 1096 4011 ducit.
1146 3933 1198 4011 Si·

689 4055 784 4152 Ma
