2986 5138
450 563 746 634 Auunirou
782 561 893 632 Lru.
925 561 971 634 V.
1102 564 1171 659 267

258 739 338 810 VII.
378 735 495 808 Turre
542 737 705 833 singulos,
753 753 792 807 ut
838 734 964 832 cuique
1003 734 1200 825 adultere,

199 856 344 954 adloqui
378 855 514 928 animus
551 876 637 946 erat,
682 854 844 943 retinens,
888 875 948 928 aut
981 853 1171 944 dimittens,

206 996 341 1076 partem
363 975 431 1048 diei
463 973 675 1071 absumpfit;
704 976 887 1070 multoque
915 974 1030 1046 adhuc
1063 992 1172 1066 coetu,

201 1103 236 1172 &
278 1093 411 1170 cunstis
445 1094 659 1191 intrepidum
704 1095 842 1168 vultum
879 1090 951 1189 ejus
990 1090 1172 1188 spedanti-

199 1221 280 1307 bus,
308 1218 389 1289 cdm
405 1215 574 1310 superesse
594 1235 732 1313 tempus
762 1211 951 1286 novisfimis
980 1213 1171 1302 crederent,

198 1336 332 1436 gladio,
363 1361 470 1433 quem
501 1338 573 1407 sinu
603 1333 796 1422 abdiderat,
826 1331 996 1405 incubuit.
1045 1333 1174 1428 Neque

196 1456 309 1530 Caesar
336 1454 415 1528 ullis
443 1453 659 1542 criminibus,
696 1473 756 1526 aut
790 1452 937 1549 probris,
970 1449 1174 1524 desundum

197 1575 376 1648 infestatus
399 1573 462 1663 cst,
488 1574 572 1646 cum
588 1572 623 1652 in
646 1571 791 1646 Blaesum
808 1573 918 1645 multa
938 1570 1103 1667 soedaque
1119 1570 1173 1642 in-

197 1693 387 1768 cusaviffet.
995 1715 1000 1724 ·

245 1816 342 1886 VIII.
369 1818 574 1889 thnrurr
601 1815 682 1888 inde
705 1817 750 1887 de
766 1817 807 1886 P.
824 1813 980 1904 Vitellio,
1012 1815 1173 1886 &Pom-

198 1932 304 2030 ponio
321 1935 502 2007 Secundo:
530 1934 630 2007 illum
654 1933 783 2006 indices
801 1935 1005 2030 arguebant,
1033 1939 1060 1975 “
1078 1934 1173 2005 clau-

199 2059 228 2095 “
245 2053 310 2125 stra
326 2053 446 2142 aerarii,
472 2054 528 2127 cui
554 2052 731 2151 praefectus
748 2072 831 2142 erat,
856 2057 890 2124 &
908 2050 1091 2124 militarem
1114 2078 1175 2149 pe·

196 2177 226 2217 “
243 2172 382 2246 cuniam
398 2175 500 2247 rebus
522 2174 621 2246 novis
638 2172 843 2247 obtulisse:”
861 2169 941 2244 huic
958 2197 979 2244 a
995 2172 1173 2262 Considio,

197 2295 347 2390 praeturd
376 2291 511 2381 functo,
544 2290 780 2389 objectabatur
810 2298 837 2333 “
855 2290 942 2364 AElii
966 2291 1059 2363 Galli
1088 2291 1174 2366 ami·

196 2418 226 2455 “
244 2412 324 2487 ciria
348 2412 422 2510 qui,
452 2411 574 2508 punito
603 2408 738 2508 Sejano,
768 2410 804 2482 in
829 2411 945 2483 hortos
970 2409 1173 2513 Pomponii,

197 2538 226 2581 “
243 2535 337 2630 quasi
368 2532 569 2604 fidissimum
600 2533 646 2603 ad
679 2529 880 2620 subsidium,
921 2527 1121 2628 perfugisset
1138 2532 1175 2603 :’'

195 2676 308 2748 neque
328 2651 422 2723 aliud
448 2650 715 2747 periclitantibus
739 2649 873 2740 auxilii,
905 2650 1015 2746 quam
1042 2650 1079 2722 in
1107 2649 1174 2724 fra·

195 2786 287 2841 trum
314 2769 505 2842 constantii
532 2767 611 2859 fuit,
636 2771 696 2868 qui
726 2771 831 2843 vades
858 2769 1051 2843 exstitsret*
1072 2797 1172 2861 mox,

194 2887 320 2960 crebris
348 2887 611 2983 prolationibus,
637 2887 732 2985 spem
756 2916 795 2962 ac
818 2909 952 2962 metum
969 2888 1072 2986 juxta
1098 2915 1174 2985 gra-

195 3027 293 3080 vatus
315 3006 488 3097 Vitellius,
509 3006 619 3105 petito
638 3034 698 3104 per
715 3008 862 3105 speciem
879 3008 1071 3082 studiorum
1088 3005 1172 3082 scal-

195 3152 272 3223 pro,
303 3127 417 3199 levem
445 3127 554 3200 tetum
578 3127 674 3201 venis
703 3127 834 3217 intulit,
864 3128 1044 3226 vitamque
1072 3129 1171 3227 aegri-

133 3325 135 3328 ⁴
198 3244 319 3318 tudine
335 3245 441 3319 animi
465 3246 589 3319 finivit.
640 3254 690 3321 At
712 3248 942 3344 Pomponius,
969 3250 1078 3322 multd
1095 3275 1172 3323 mo-

196 3389 275 3436 rum
292 3365 475 3463 elegantia,
499 3370 543 3439 &-
560 3366 702 3466 ingenio
718 3366 863 3457 inlustri,
889 3369 976 3441 dum
994 3369 1173 3445 adversam
1193 3374 1200 3386 '

193 3481 370 3556 fortunam
387 3510 507 3581 aequus
524 3487 660 3575 tolerat,
683 3486 828 3559 Tiberio
853 3485 1016 3584 superstes
1032 3486 1107 3561 suit.

243 3604 308 3675 lx.
335 3604 551 3678 Prncrroru
583 3606 741 3702 posthac,
778 3606 916 3678 “utin
941 3607 1092 3704 reliquos
1113 3612 1172 3682 Se-

193 3720 307 3819 “jani
335 3723 461 3796 liberos
498 3723 729 3798 adverteretur
741 3728 778 3815 3'f
814 3725 1015 3800 vanescente
1048 3754 1172 3824 quam·

192 3867 299 3937 quam
330 3843 439 3940 plebis
456 3843 517 3932 ira,
546 3869 587 3916 ac
605 3843 773 3943 plerisque
791 3870 850 3942 per
875 3844 989 3944 priora
1005 3844 1176 3944 supplicia

193 3959 318 4035 lenitis.
380 3961 491 4059 Igitur
512 3982 696 4063 portantur
711 3964 747 4038 in
765 3962 952 4056 carcerem,
993 3965 1083 4040 filius
1106 3966 1172 4043 im.
