2986 5138
324 542 393 621 218
558 547 599 618 C.
624 548 862 619 Conuntrt
888 549 1070 621 Tnctrt

323 720 490 810 militum,
516 740 646 793 terrore
669 720 818 794 nominis
844 718 1014 808 Romani,
1043 723 1077 791 &
1104 719 1186 815 quia
1214 722 1302 795 Nu·

320 840 424 913 midae
443 841 600 938 peditum
623 841 733 913 aciem
757 839 845 912 ferre
876 857 1067 936 nequeunt,
1094 838 1210 935 primo
1245 839 1302 914 sus

321 959 450 1032 incessu
483 958 584 1031 solvit
614 959 800 1048 obsidium,
838 959 1070 1055 locorumque
1100 977 1303 1055 opportuna

323 1078 563 1175 permunivit:
593 1080 692 1151 fimul
722 1077 894 1175 principes
924 1076 1206 1166 Musulanorum,
1234 1078 1301 1150 de·

323 1196 509 1270 sedionem
527 1215 730 1292 coeptantes,
749 1195 855 1270 securi
869 1197 1027 1293 percutit.
1078 1196 1184 1284 Dein,
1212 1197 1301 1292 quia

321 1317 479 1413 pluribus
507 1315 692 1389 adversum
722 1315 980 1390 Tacfarinatem
1013 1313 1301 1412 expeditionibus

324 1436 523 1534 cognitum,
550 1461 621 1508 non
652 1436 764 1532 gravi,
800 1460 865 1508 nec
893 1462 964 1509 uno
989 1433 1123 1508 incursu
1155 1432 1298 1507 consec-

322 1557 471 1628 tandum
495 1554 631 1627 hostem
651 1580 808 1652 vagum;
835 1555 949 1629 excito
974 1581 1058 1628 cum
1075 1552 1300 1651 popularibus

324 1699 405 1771 rege
423 1675 628 1763 Ptolemaeo,
657 1695 806 1772 quatuor
837 1675 979 1773 agmina
1001 1693 1111 1771 parat,
1143 1696 1222 1769 quae
1246 1672 1298 1743 le·

324 1793 410 1890 gatis
438 1812 496 1866 aut
528 1793 674 1866 tribunis
697 1796 799 1867 data:
839 1800 872 1868 δι
908 1792 1129 1891 praedatorias
1156 1815 1297 1881 manus,

322 1912 446 1985 delecti
469 1917 681 1987 Maurorum
704 1914 861 1987 duxdre:
889 1912 960 2011 ipse
984 1911 1157 1986 consultor
1178 1910 1299 1983 aderat

324 2032 499 2106 omnibus.
1063 2048 1079 2081 ⁶

369 2156 487 2227 XXV.
513 2155 600 2225 Nnc
627 2152 740 2226 multo
769 2153 849 2250 post
880 2150 1047 2240 adfertur,
1076 2149 1300 2224 “Numidas

325 2274 466 2369 “apud
496 2272 672 2344 castellum
701 2271 919 2362 semirutum,
945 2273 991 2345 ab
1013 2270 1092 2367 ipsis
1114 2271 1297 2368 quondam

322 2397 350 2434 “
367 2389 557 2478 incensum,
596 2391 652 2464 cui
676 2416 807 2463 nomen
842 2396 979 2480 Auzea,
1018 2389 1133 2488 positis
1172 2415 1292 2486 mapa-

325 2509 459 2580 “libus
482 2506 691 2593 consedisse3
720 2507 796 2581 fisos
820 2511 912 2599 locu,
940 2509 1022 2606 quia
1043 2509 1143 2582 vastis
1159 2506 1293 2583 circum

322 2634 348 2669 “
368 2625 504 2699 saltibus
521 2626 783 2701 claudebatur.”
832 2629 930 2702 Tum
949 2629 1120 2724 expedita
1133 2629 1292 2701 cohortes

322 2748 468 2842 alaeque,
496 2772 601 2842 quam
625 2745 660 2818 in
690 2768 824 2843 partem
852 2749 1059 2821 ducerentur
1076 2749 1217 2845 ignarae,
1245 2747 1295 2819 ci-

323 2887 359 2936 to
376 2865 517 2963 agmine
540 2865 730 2961 rapiuntur.
781 2868 963 2965 Simulque
985 2887 1120 2964 coeptus
1144 2865 1230 2955 dies,
1259 2870 1293 2938 δι

323 3007 494 3058 concentu
507 2988 682 3075 tubarum,
709 3013 749 3060 ac
766 2988 856 3060 truci
875 2988 1026 3058 clamore
1038 2988 1178 3059 aderant
1195 2985 1297 3058 semi-

322 3101 458 3175 somnos
481 3104 516 3175 in
544 3107 729 3177 barbaros:
770 3106 966 3202 praepeditis
996 3107 1230 3179 Numidarum
1259 3131 1294 3177 e·

324 3223 415 3320 quis,
442 3243 500 3296 aut
517 3224 667 3297 diversos
691 3225 806 3322 pastus
828 3225 1087 3320 pererrantibus.
1138 3227 1198 3297 Ab
1218 3228 1294 3297 Ro·

323 3344 433 3416 manis
458 3342 629 3416 confertus
660 3345 779 3440 pedes,
805 3342 972 3442 dispositae
1002 3366 1140 3435 turmae,
1167 3347 1295 3418 cunda

324 3464 450 3560 proelio
469 3462 626 3561 provisa:
655 3464 810 3537 hostibus
827 3466 947 3537 contra
976 3465 1134 3538 omnium
1160 3463 1292 3552 nesciis,

322 3610 393 3656 non
414 3609 523 3672 arma,
543 3609 614 3655 non
641 3585 741 3672 ordo,
768 3610 839 3656 non
873 3585 1067 3674 consilium,
1105 3583 1162 3656 sed
1191 3610 1294 3681 peco-

323 3730 400 3775 rum
430 3706 552 3791 modo,
579 3701 682 3790 trahi,
712 3702 840 3792 occidi,
866 3704 956 3800 capi.
1007 3702 1161 3777 Infensus
1194 3704 1295 3776 miles

323 3823 490 3896 memoria
523 3824 696 3911 laborum,
724 3826 756 3894 ἃ
785 3823 970 3896 adversum
997 3826 1172 3897 eludentes
1194 3844 1293 3920 opta·

322 3963 365 4013 tae
404 3940 528 4013 totiens
567 3967 710 4039 pugna,
753 3939 786 4013 se
813 3941 954 4042 quisque
986 3945 1118 4018 ustione
1152 3948 1185 4017 δι
1220 3943 1294 4016 san-
