2986 5138
335 664 388 718 11

387 809 587 884 Alexander
602 809 890 899 Mruurrnsus,
910 810 1062 907 Apulus,
1086 809 1239 885 eruditus
1258 831 1314 909 ty·

339 929 538 1027 pographus
564 931 846 1021 Mediolanensrs,
874 933 910 1002 ὃτ
937 929 1101 1004 Historiae
1131 929 1314 1027 professor,

340 1051 472 1122 chartas
499 1048 711 1122 Beroaldinae
740 1046 899 1121 editionis
922 1073 967 1121 ex
990 1050 1091 1121 Urbe
1116 1048 1315 1145 importatas

338 1167 485 1258 recudit,
521 1187 560 1240 ut
586 1193 642 1241 eas
671 1167 885 1240 auditoribus
916 1164 981 1239 suis
1009 1167 1217 1265 praelegeret.
1273 1169 1316 1241 In

338 1287 432 1361 calce
453 1285 566 1384 operis
595 1286 718 1382 reperit
744 1284 776 1358 se
801 1285 1038 1382 imprudenter
1062 1284 1223 1384 illapsum
1248 1288 1318 1360 effe

334 1406 370 1479 in
400 1404 626 1478 Pontificium
653 1404 891 1494 interdietum,
925 1428 996 1500 quo
1029 1407 1229 1498 cavebatur,
1269 1431 1315 1480 ne

337 1525 415 1622 quis
431 1524 519 1596 intra
534 1522 743 1596 decennium
763 1522 928 1596 Tacitum
950 1522 1139 1595 recuderet.
1189 1523 1315 1620 Culpae

337 1642 475 1715 veniam
491 1642 645 1715 exoravit
659 1671 670 1729 3
698 1640 862 1740 suamque
879 1640 1082 1729 editionem,
1106 1639 1316 1735 quibusdam

339 1760 377 1835 in
395 1760 478 1834 loeis
497 1763 729 1850 emendatam,
748 1765 781 1833 dr
799 1762 948 1834 Andreae
966 1756 1093 1834 Alciati
1114 1757 1208 1831 notis
1234 1784 1316 1834 auc·

339 1899 426 1970 tam,
452 1881 598 1954 absolvit
613 1907 705 1955 anno
724 1903 870 1953 nrnxvrr
896 1899 922 1953 ¹.
943 1887 965 1930 ἦέ

388 2004 559 2089 Barrus,
584 2020 644 2073 aut
661 1999 774 2073 verius
797 2001 962 2072 Brsurus
993 2002 1230 2088 Rnnsnrrus,
1257 2001 1317 2073 Se-

339 2121 556 2208 lestadiensrs,
582 2144 688 2191 manu
715 2115 827 2214 scripti
860 2117 990 2191 codicis
1015 2119 1190 2208 undenus,
1231 2117 1318 2192 olim

339 2239 501 2313 Matthiae
514 2235 670 2325 Curvini,
688 2236 885 2334 Hungariae
902 2237 1006 2335 regis,
1025 2236 1165 2334 copiam
1182 2236 1318 2329 nactus,

341 2383 470 2432 novam
491 2361 524 2429 ὃ(
551 2355 729 2452 aliquanti)
754 2356 999 2430 accuratiorem
1023 2356 1213 2430 editionem
1236 2358 1316 2429 vul-

341 2475 437 2575 gavit
454 2475 588 2547 Basrleae
607 2499 700 2547 anno
719 2500 928 2550 nroxxxrrr.
951 2474 1040 2573 saepe
1057 2474 1176 2573 postea
1199 2477 1233 2549 δι
1256 2501 1317 2550 va·

340 2595 399 2669 riis
415 2594 451 2666 in
468 2593 551 2669 locis
568 2592 721 2668 recusam
735 2618 763 2667 2.
782 2602 804 2647 ²*
834 2619 836 2622 ·

389 2713 510 2809 Justus
537 2716 716 2804 ersrus,
744 2714 864 2812 Belga,
887 2713 1093 2788 Corneliano
1122 2711 1241 2810 spiritu
1265 2709 1317 2786 af·

343 2837 457 2923 flatus,
493 2858 696 2931 magnoque
719 2832 918 2906 eruditionis
947 2854 1068 2931 paratu
1093 2832 1138 2905 ad
1165 2831 1202 2905 id
1230 2856 1319 2928 opus

342 2953 500 3027 acceffit:
531 2976 673 3024 omnem
689 2950 789 3050 hujus
816 2953 940 3026 laboris
961 2953 1099 3026 laudem
1127 2971 1319 3048 reportatu-

341 3096 414 3159 rus,
439 3073 461 3142 fi
479 3095 548 3142 non
566 3091 727 3167 excerpta
743 3071 879 3143 tantum
895 3073 979 3145 Mff.
1002 3070 1162 3145 codicum
1178 3070 1317 3145 Vatica-

342 3215 483 3279 norum,
512 3187 717 3277 Farnefiani,
748 3188 984 3280 Covarruviae,
1018 3188 1193 3279 Sambuci,
1223 3209 1317 3264 vete·

342 3333 493 3406 rumque
508 3307 705 3382 editionum
721 3307 940 3400 adhibuiffet,
966 3308 1022 3382 sed
1045 3308 1151 3382 libros
1167 3307 1319 3407 integros

392 3557 402 3585 ¹
423 3551 470 3610 Cl.
493 3547 647 3617 Maittaire,
664 3549 718 3608 loe.
741 3545 791 3606 eit.
813 3547 883 3605 hane
903 3545 1053 3606 editionem
1073 3547 1169 3606 Rornae
1190 3544 1317 3626 prodiisse

346 3670 485 3729 perperam
497 3647 601 3707 scribit.
631 3647 772 3706 Fabricius
782 3664 903 3724 quoque,
917 3644 1067 3707 Bibliothec.
1080 3646 1171 3703 Latin.
1185 3645 1249 3705 libr.
1260 3643 1314 3705 1V.

346 3768 407 3825 cap.
418 3768 463 3808 ar.
477 3768 541 3826 pag.
553 3766 622 3824 471,
642 3760 714 3804 errat
725 3745 756 3805 in
768 3765 849 3805 auno.
884 3744 925 3801 Ea
936 3744 1012 3803 enim
1026 3746 1062 3804 est
1074 3743 1139 3804 anni
1156 3765 1166 3802 r
1173 3764 1240 3824 517,
1260 3764 1317 3804 nou

340 3844 406 3903 verb
425 3865 434 3902 r
442 3849 516 3924 5¹⁶3
536 3845 631 3904 forrnae
644 3854 727 3921 ''²¹'4⁰·
739 3843 784 3902 sed
799 3841 931 3902 minima.

390 3947 404 3974 ²
423 3943 547 4020 Quium
560 3942 685 4001 omniurn
698 3940 839 4022 praecipua
850 3941 898 4008 est,
916 3959 976 4018 quae
987 3938 1094 4019 prodiit
1105 3940 1231 4002 Veneriis
1243 3961 1318 4002 anuo

354 4059 439 4122 1534,
457 4039 529 4120 typis
543 4039 662 4100 Aldinis.
