2986 5138
421 565 715 634 naamon
743 558 851 629 Lrn.
877 558 938 628 IV.
1113 576 1180 652 ²17

220 737 248 777 “
267 735 522 809 carminibus&
540 732 715 808 veneficiis
728 734 928 807 vecordiam
946 733 1111 823 marito,''
1137 734 1188 806 in-

218 851 297 926 sons
312 853 501 952 judicatur.

265 977 402 1047 XXIII.
429 975 463 1046 Is
483 998 629 1047 nauum
658 999 767 1046 annus
792 975 966 1070 populum
984 976 1190 1046 Romanum

220 1094 330 1189 longo
361 1093 546 1165 adversum
577 1093 773 1165 Numidam
805 1091 1065 1164 Tacfarinatem
1097 1094 1192 1165 bello

218 1209 376 1284 absolvit.
426 1213 522 1283 Nam
558 1211 685 1306 priores
714 1212 834 1300 duces,
873 1209 934 1283 ubi
968 1209 1191 1306 impetrando

218 1328 484 1427 triumphalium
501 1328 623 1426 insigni
635 1328 785 1404 sufficere
802 1356 854 1403 res
871 1331 945 1402 suas
961 1329 1189 1421 crediderant,

219 1448 354 1522 hostem
373 1448 596 1521 omittebant:
619 1446 763 1545 jamque
780 1468 846 1521 tres
863 1451 1019 1522 laureatae
1038 1447 1073 1519 in
1091 1451 1191 1553 Urbe

219 1567 360 1652 statuae3
389 1570 422 1639 δι
450 1568 565 1639 adhuc
596 1571 753 1664 raptabat
786 1568 942 1643 Africam
977 1568 1190 1660 Tacfarinas,

219 1688 340 1758 auctus
375 1689 584 1760 Maurorum
603 1686 752 1777 auxiliis,
779 1687 840 1785 qui
855 1688 1061 1777 Ptolemaeo,
1087 1691 1191 1783 Jubae

220 1805 309 1895 filio,
330 1804 476 1902 juventa
498 1805 682 1895 incurioso,
708 1807 848 1879 libertos
872 1806 1000 1904 regios,
1028 1811 1061 1880 δι
1085 1805 1190 1880 servi·

220 1923 266 1996 lia
282 1923 429 2022 imperia
447 1926 540 1998 bello
557 1944 786 1998 mutaverant.
826 1927 910 1997 Erat
929 1924 978 1996 illi
995 1925 1189 2022 praedarum

219 2064 388 2141 receptor,
415 2043 581 2118 ursocius
599 2045 806 2142 populandi,
833 2070 893 2116 rex
910 2048 1162 2118 Garamantum
1177 2074 1189 2131 ;

218 2188 290 2234 non
306 2185 346 2235 ut
362 2189 445 2236 cum
465 2163 619 2237 exercitu
641 2163 829 2253 incederet,
855 2162 913 2235 sed
935 2162 1039 2235 miffis
1057 2164 1191 2237 levibus

218 2282 341 2379 copiis,
369 2309 446 2380 quae
463 2308 508 2355 ex
525 2283 722 2380 longinquo
746 2282 783 2354 in
805 2279 915 2379 majus
936 2281 1188 2357 audiebantur:

216 2400 399 2499 ipsaquee
428 2401 619 2498 provincia,
646 2423 685 2474 ut
703 2403 779 2500 quis
799 2400 946 2476 fortunae
970 2401 1086 2498 inops,
1113 2428 1190 2476 mo·

217 2521 310 2594 ribus
338 2521 513 2612 turbidus,
547 2521 741 2619 promptius
764 2523 923 2609 ruebant,
962 2519 1044 2617 quia
1065 2520 1189 2610 Caesar,

218 2641 295 2735 post
315 2665 368 2712 res
384 2666 404 2711 a
420 2638 528 2713 Blaeso
552 2641 678 2736 gestas,
705 2644 797 2737 quafi
815 2637 1005 2736 nullisjam
1031 2639 1069 2712 in
1093 2639 1189 2713 Afri-

218 2761 258 2830 ca
282 2758 451 2848 hostibus,
477 2758 640 2855 reportari
668 2784 798 2831 nonam
827 2759 1003 2855 legionem
1019 2756 1186 2855 jufferat:

217 2902 282 2948 nec
300 2876 480 2972 proconsul
498 2875 568 2973 ejus
592 2877 673 2948 anni
691 2879 732 2949 P.
751 2878 935 2950 Dolabella
959 2877 1103 2950 retinere
1126 2905 1187 2951 au·

218 2993 272 3068 sus
290 3015 374 3084 erat,
394 2993 484 3093 jussa
500 2995 671 3092 Principis
688 2995 813 3093 magis,
840 2997 947 3092 quam
966 2994 1096 3068 incerta
1114 2999 1188 3070 bel·

218 3113 256 3203 li,
283 3134 450 3187 metuens.

265 3235 400 3306 XXIV.
436 3235 577 3307 Iamna
602 3234 817 3324 Tacfarinas,
854 3233 1003 3331 disperso
1034 3263 1185 3328 rumore,

218 3358 338 3425 “rem
367 3357 567 3426 Romanam
595 3352 669 3426 aliis
686 3378 828 3450 quoque
849 3356 895 3425 ab
917 3354 1116 3427 nationibus
1141 3358 1189 3429 la·

217 3481 244 3516 “
263 3473 381 3563 cerari,
416 3474 529 3571 eoque
562 3472 739 3568 paullatim
775 3471 894 3544 Africa
927 3471 1109 3564 decedere,
1149 3500 1189 3548 ac

214 3601 244 3641 ·“
265 3594 360 3689 polle
385 3593 534 3689 reliquos
560 3590 817 3679 circumveniri,
845 3593 866 3662 sr
892 3591 1022 3681 cuncti,
1061 3592 1187 3689 quibus

217 3712 402 3785 “libertas
433 3709 570 3784 servitio
602 3709 731 3807 potior,
766 3708 1048 3796 incubuiffent;’'
1084 3733 1189 3809 auget

215 3831 318 3920 vires,
360 3829 542 3927 positisque
576 3827 702 3917 castris,
746 3827 976 3903 Thubuscum
1016 3830 1189 3927 oppidum

213 3948 441 4024 circumsidet.
493 3955 541 4023 At
558 3949 757 4038 Dolabella,
789 3951 965 4023 contrado
992 3951 1089 4047 quod
1119 3971 1188 4026 erat
