2986 5138
345 527 415 597 208
562 517 1129 596 CConuutrrTncrtr

339 722 417 768 rum
435 696 470 767 in
488 716 679 792 utrumque
694 695 790 784 odi0,
817 696 977 791 quamvis
1010 692 1163 768 fabulosa
1190 697 1226 767 δι
1249 696 1323 769 im·

342 814 458 888 mania
486 815 736 888 credebantur:
764 815 931 886 atrociore
954 813 1087 910 semper
1105 812 1198 886 fama
1239 840 1329 914 erga

340 932 598 1005 dominantium
629 933 753 1004 exitus.
805 933 905 1005 Ordo
934 932 1065 1029 alioqui
1094 931 1229 1005 sceleris
1258 956 1328 1030 pet·

339 1050 529 1146 Apicatam
557 1048 669 1147 Sejani
688 1049 858 1146 proditus,
885 1051 1067 1124 tormentis
1098 1051 1251 1123 Eudemi
1276 1077 1325 1125 ac

341 1169 463 1266 Lygdi
492 1168 680 1265 patesadlus
711 1169 780 1240 est:
824 1193 937 1264 neque
965 1168 1146 1266 quisquam
1175 1169 1327 1267 scriptor

340 1307 413 1360 tam
443 1286 593 1360 infensus
612 1287 755 1375 exstitit,
781 1307 818 1357 ut
839 1287 987 1359 Tiberio
1009 1285 1210 1384 objedlaret,
1237 1289 1326 1362 clim

340 1406 460 1478 omnia
487 1406 553 1479 alia
578 1406 832 1501 conquirerent,
858 1406 1158 1502 intenderentque.
1221 1407 1323 1481 Mihi

340 1524 501 1597 tradendi
518 1524 758 1621 arguendique
774 1525 922 1596 rumoris
939 1524 1038 1596 causa
1065 1523 1145 1614 fnit,
1172 1545 1227 1615 ut,
1248 1527 1323 1600 cla·

339 1668 380 1715 ro
404 1643 467 1715 sub
482 1646 661 1741 exemplo,
680 1642 776 1716 salsas
793 1644 985 1716 auditiones
1003 1644 1230 1739 depellerem,
1257 1670 1323 1741 pe-

340 1781 520 1858 teremque
548 1765 594 1836 ab
622 1762 677 1851 iis,
714 1788 861 1859 quorum
893 1762 929 1832 in
952 1788 1073 1833 manus
1095 1787 1178 1833 cura
1203 1763 1325 1835 nostra

340 1881 487 1970 venerit,
518 1906 563 1954 ne
595 1881 776 1979 divulgata
812 1903 915 1978 atque
947 1880 1178 1969 incredibilia,
1211 1881 1321 1955 avide

340 2021 495 2098 accepta,
536 2000 640 2091 veris,
684 2025 798 2096 neque
833 1999 869 2070 in
899 1998 1106 2071 miraculum
1132 2000 1321 2097 cornrptis,

340 2121 582 2193 antehabeant.

389 2240 473 2312 XIl.
499 2239 696 2311 Cernnun
715 2238 877 2310 laudante
894 2237 1007 2308 lilium
1029 2261 1092 2332 pro
1115 2237 1230 2309 rostris
1252 2240 1322 2311 Ti·

342 2356 454 2446 beri0,
477 2355 610 2429 senatus
637 2355 857 2452 populusque
879 2354 1041 2427 habitum
1065 2380 1105 2426 ac
1123 2380 1227 2427 voces
1248 2359 1316 2428 do-

340 2476 476 2547 lentum
502 2474 715 2547 simulatione
734 2475 848 2570 magis
873 2475 980 2570 quam
998 2472 1108 2545 libens
1132 2473 1318 2566 induebat,

339 2593 558 2687 domumque
575 2592 778 2664 Germanici
791 2592 994 2664 revirescere
1010 2591 1138 2666 occulti
1153 2593 1320 2665 laetaban·

341 2729 408 2782 tur.
458 2712 565 2807 Qiod
583 2710 797 2808 principium
821 2710 961 2799 favoris,
984 2716 1017 2782 δε
1041 2730 1150 2782 mater
1184 2710 1319 2808 Agrip-

340 2829 437 2926 pina,
460 2828 556 2925 spem
579 2830 669 2900 male
684 2849 819 2927 tegens,
850 2829 1040 2926 perniciem
1064 2829 1319 2905 adceleravere.

339 2951 435 3020 Nam
469 2947 621 3045 Sejanus,
648 2949 708 3020 ubi
737 2949 833 3020 videt
864 2969 1013 3019 mortem
1038 2949 1139 3019 Drusr
1169 2947 1319 3022 inultam

339 3066 630 3155 interfectoribus,
645 3070 712 3138 fine
725 3093 868 3138 maerore
882 3066 1024 3162 publico
1038 3068 1116 3153 esl'e,
1135 3064 1233 3138 ferox
1247 3065 1317 3139 sce-

340 3188 465 3273 lerum,
491 3190 524 3256 ἃ
543 3185 625 3281 quia
638 3184 748 3280 prima
760 3207 1002 3281 provenerant,
1018 3188 1171 3257 volutare
1182 3182 1316 3276 secum,

339 3331 494 3403 quonam
511 3306 618 3375 modo
636 3303 837 3375 Germanici
853 3303 979 3375 liberos
997 3322 1216 3399 perverteret,
1228 3330 1318 3400 quo·

341 3450 418 3496 rum
442 3451 514 3496 non
531 3422 638 3496 dubia
659 3422 843 3495 succeffio:
869 3447 983 3517 neque
1002 3421 1115 3518 spargi
1139 3446 1317 3495 venenum

339 3543 376 3613 in
392 3560 458 3615 tres
477 3561 623 3638 poterat,
651 3540 791 3637 egregii
809 3540 992 3612 custodum
1016 3541 1098 3629 side,
1124 3544 1157 3610 ἃ
1176 3541 1318 3635 pudici·

340 3661 386 3732 til
409 3659 617 3756 Agrippinae
643 3658 910 3754 impenetrabili.
960 3658 1072 3755 Igitur
1097 3660 1316 3732 contumaci-

338 3803 397 3850 am
421 3775 492 3873 ejus
514 3776 683 3867 infestari,
717 3798 815 3848 vetus
838 3777 1005 3874 Augusta
1035 3778 1172 3867 odium,
1196 3803 1317 3849 recen-

337 3915 412 3968 tem
443 3895 557 3969 Liviae
591 3893 836 3971 conscientiam
860 3895 1049 3995 exagitate,
1082 3917 1122 3972 ut
1158 3903 1185 3938 “
1200 3894 1317 3994 super-
