<?xml version="1.0" encoding="UTF-8"?>
<!DOCTYPE html PUBLIC "-//W3C//DTD XHTML 1.0 Transitional//EN"
    "http://www.w3.org/TR/xhtml1/DTD/xhtml1-transitional.dtd">
<html xmlns="http://www.w3.org/1999/xhtml" xml:lang="en" lang="en">
 <head>
  <title>
</title>
<meta http-equiv="Content-Type" content="text/html;charset=utf-8" />
  <meta name='ocr-system' content='tesseract 3.04.00' />
  <meta name='ocr-capabilities' content='ocr_page ocr_carea ocr_par ocr_line ocrx_word'/>
</head>
<body>
  <div class='ocr_page' id='page_1' title='image "./ccorneliitaciti03ernegoog_0205.png"; bbox 0 0 2986 5138; ppageno 0'>
   <div class='ocr_carea' id='block_1_1' title="bbox 317 568 1104 661">
    <p class='ocr_par' dir='ltr' id='par_1_1' title="bbox 317 568 1104 661">
     <span class='ocr_line' id='line_1_1' title="bbox 317 568 1104 661; baseline 0 -20"><span class='ocrx_word' id='word_1_1' title='bbox 317 573 381 661; x_wconf 80' lang='lat'>148</span> <span class='ocrx_word' id='word_1_2' title='bbox 528 568 1104 643; x_wconf 71' lang='lat' dir='ltr'>C.Conaar„11Tne1r1</span> 
     </span>
    </p>
   </div>
   <div class='ocr_carea' id='block_1_2' title="bbox 310 742 1286 2613">
    <p class='ocr_par' dir='ltr' id='par_1_2' title="bbox 310 742 1286 2613">
     <span class='ocr_line' id='line_1_2' title="bbox 314 742 1283 839; baseline 0.001 -25"><span class='ocrx_word' id='word_1_3' title='bbox 314 746 456 838; x_wconf 79' lang='lat' dir='ltr'>pessimo</span> <span class='ocrx_word' id='word_1_4' title='bbox 473 743 599 839; x_wconf 92' lang='lat' dir='ltr'>cuique</span> <span class='ocrx_word' id='word_1_5' title='bbox 615 743 820 832; x_wconf 85' lang='lat' dir='ltr'>obnoxiam,</span> <span class='ocrx_word' id='word_1_6' title='bbox 838 769 881 817; x_wconf 89' lang='lat' dir='ltr'>ne</span> <span class='ocrx_word' id='word_1_7' title='bbox 898 743 1122 816; x_wconf 76' lang='lat' dir='ltr'>contumelias</span> <span class='ocrx_word' id='word_1_8' title='bbox 1139 742 1283 839; x_wconf 88' lang='lat' dir='ltr'>quidem</span> 
     </span>
     <span class='ocr_line' id='line_1_3' title="bbox 312 860 1280 959; baseline 0.001 -28"><span class='ocrx_word' id='word_1_9' title='bbox 312 862 495 932; x_wconf 78' lang='lat' dir='ltr'>adversum</span> <span class='ocrx_word' id='word_1_10' title='bbox 525 861 767 957; x_wconf 85' lang='lat' dir='ltr'>imperatorem</span> <span class='ocrx_word' id='word_1_11' title='bbox 796 862 939 934; x_wconf 88' lang='lat' dir='ltr'>inficiari</span> <span class='ocrx_word' id='word_1_12' title='bbox 968 881 1122 959; x_wconf 89' lang='lat' dir='ltr'>poterat:</span> <span class='ocrx_word' id='word_1_13' title='bbox 1167 860 1280 933; x_wconf 88' lang='lat' dir='ltr'>solum</span> 
     </span>
     <span class='ocr_line' id='line_1_4' title="bbox 311 979 1280 1077; baseline 0 -27"><span class='ocrx_word' id='word_1_14' title='bbox 311 981 435 1052; x_wconf 88' lang='lat' dir='ltr'>veneni</span> <span class='ocrx_word' id='word_1_15' title='bbox 453 981 582 1052; x_wconf 80' lang='lat' dir='ltr'>crimen</span> <span class='ocrx_word' id='word_1_16' title='bbox 611 979 701 1052; x_wconf 79' lang='lat' dir='ltr'>visus</span> <span class='ocrx_word' id='word_1_17' title='bbox 733 981 782 1054; x_wconf 88' lang='lat' dir='ltr'>est</span> <span class='ocrx_word' id='word_1_18' title='bbox 810 981 970 1066; x_wconf 81' lang='lat' dir='ltr'>diluisse3</span> <span class='ocrx_word' id='word_1_19' title='bbox 1004 981 1098 1077; x_wconf 91' lang='lat' dir='ltr'>quod</span> <span class='ocrx_word' id='word_1_20' title='bbox 1116 1004 1159 1050; x_wconf 89' lang='lat' dir='ltr'>ne</span> <span class='ocrx_word' id='word_1_21' title='bbox 1176 1005 1280 1051; x_wconf 87' lang='lat' dir='ltr'>accu-</span> 
     </span>
     <span class='ocr_line' id='line_1_5' title="bbox 310 1096 1281 1195; baseline 0 -26"><span class='ocrx_word' id='word_1_22' title='bbox 310 1096 434 1170; x_wconf 83' lang='lat' dir='ltr'>satores</span> <span class='ocrx_word' id='word_1_23' title='bbox 476 1100 618 1195; x_wconf 88' lang='lat' dir='ltr'>quidem</span> <span class='ocrx_word' id='word_1_24' title='bbox 658 1098 733 1171; x_wconf 88' lang='lat' dir='ltr'>satis</span> <span class='ocrx_word' id='word_1_25' title='bbox 771 1101 969 1187; x_wconf 87' lang='lat' dir='ltr'>firmabant,</span> <span class='ocrx_word' id='word_1_26' title='bbox 1007 1098 1088 1169; x_wconf 91' lang='lat' dir='ltr'>“in</span> <span class='ocrx_word' id='word_1_27' title='bbox 1115 1097 1281 1169; x_wconf 91' lang='lat' dir='ltr'>convivio</span> 
     </span>
     <span class='ocr_line' id='line_1_6' title="bbox 315 1214 1281 1313; baseline -0.003 -24"><span class='ocrx_word' id='word_1_28' title='bbox 315 1223 343 1258; x_wconf 92' lang='lat'>“</span> <span class='ocrx_word' id='word_1_29' title='bbox 361 1218 576 1307; x_wconf 82' lang='lat' dir='ltr'>Germanici,</span> <span class='ocrx_word' id='word_1_30' title='bbox 605 1218 687 1290; x_wconf 76' lang='lat' dir='ltr'>crim</span> <span class='ocrx_word' id='word_1_31' title='bbox 712 1216 811 1313; x_wconf 91' lang='lat' dir='ltr'>super</span> <span class='ocrx_word' id='word_1_32' title='bbox 836 1242 916 1288; x_wconf 90' lang='lat' dir='ltr'>eum</span> <span class='ocrx_word' id='word_1_33' title='bbox 943 1214 1021 1287; x_wconf 92' lang='lat' dir='ltr'>Piso</span> <span class='ocrx_word' id='word_1_34' title='bbox 1038 1214 1281 1305; x_wconf 86' lang='lat' dir='ltr'>discumberet,</span> 
     </span>
     <span class='ocr_line' id='line_1_7' title="bbox 316 1333 1285 1431; baseline -0.001 -26"><span class='ocrx_word' id='word_1_35' title='bbox 316 1342 344 1376; x_wconf 89' lang='lat'><strong>“</strong></span> <span class='ocrx_word' id='word_1_36' title='bbox 363 1335 507 1408; x_wconf 73' lang='lat' dir='ltr'>infectos</span> <span class='ocrx_word' id='word_1_37' title='bbox 524 1336 684 1408; x_wconf 89' lang='lat' dir='ltr'>manibus</span> <span class='ocrx_word' id='word_1_38' title='bbox 701 1334 771 1431; x_wconf 83' lang='lat' dir='ltr'>ejus</span> <span class='ocrx_word' id='word_1_39' title='bbox 788 1336 907 1407; x_wconf 88' lang='lat' dir='ltr'>cibos&#39;’</span> <span class='ocrx_word' id='word_1_40' title='bbox 925 1354 1107 1430; x_wconf 84' lang='lat' dir='ltr'>arguentes</span> <span class='ocrx_word' id='word_1_41' title='bbox 1124 1362 1132 1403; x_wconf 76' lang='grc' dir='ltr'><strong>ε</strong></span> <span class='ocrx_word' id='word_1_42' title='bbox 1152 1333 1285 1430; x_wconf 92' lang='lat' dir='ltr'>quippe</span> 
     </span>
     <span class='ocr_line' id='line_1_8' title="bbox 314 1451 1284 1543; baseline 0 -19"><span class='ocrx_word' id='word_1_43' title='bbox 314 1452 501 1526; x_wconf 88' lang='lat' dir='ltr'>absurdum</span> <span class='ocrx_word' id='word_1_44' title='bbox 527 1454 723 1543; x_wconf 84' lang='lat' dir='ltr'>videbatur,</span> <span class='ocrx_word' id='word_1_45' title='bbox 748 1454 835 1525; x_wconf 88' lang='lat' dir='ltr'>inter</span> <span class='ocrx_word' id='word_1_46' title='bbox 867 1453 976 1525; x_wconf 89' lang='lat' dir='ltr'>aliena</span> <span class='ocrx_word' id='word_1_47' title='bbox 1008 1451 1153 1539; x_wconf 79' lang='lat' dir='ltr'>servitia,</span> <span class='ocrx_word' id='word_1_48' title='bbox 1180 1456 1284 1524; x_wconf 83' lang='lat' dir='ltr'>&amp;tot</span> 
     </span>
     <span class='ocr_line' id='line_1_9' title="bbox 315 1570 1283 1668; baseline -0.001 -25"><span class='ocrx_word' id='word_1_49' title='bbox 315 1571 521 1644; x_wconf 89' lang='lat' dir='ltr'>adstantium</span> <span class='ocrx_word' id='word_1_50' title='bbox 549 1570 636 1660; x_wconf 81' lang='lat' dir='ltr'>visu,</span> <span class='ocrx_word' id='word_1_51' title='bbox 671 1571 744 1668; x_wconf 92' lang='lat' dir='ltr'>ipso</span> <span class='ocrx_word' id='word_1_52' title='bbox 772 1570 981 1644; x_wconf 88' lang='lat' dir='ltr'>Germanico</span> <span class='ocrx_word' id='word_1_53' title='bbox 1007 1596 1136 1660; x_wconf 89' lang='lat' dir='ltr'>coram,</span> <span class='ocrx_word' id='word_1_54' title='bbox 1159 1570 1193 1642; x_wconf 95' lang='lat' dir='ltr'>id</span> <span class='ocrx_word' id='word_1_55' title='bbox 1222 1596 1283 1642; x_wconf 90' lang='lat' dir='ltr'>au-</span> 
     </span>
     <span class='ocr_line' id='line_1_10' title="bbox 314 1688 1284 1787; baseline -0.001 -26"><span class='ocrx_word' id='word_1_56' title='bbox 314 1688 412 1762; x_wconf 91' lang='lat' dir='ltr'>sum:</span> <span class='ocrx_word' id='word_1_57' title='bbox 440 1692 678 1787; x_wconf 83' lang='lat' dir='ltr'>offerebatque</span> <span class='ocrx_word' id='word_1_58' title='bbox 715 1689 882 1763; x_wconf 86' lang='lat' dir='ltr'>familiam</span> <span class='ocrx_word' id='word_1_59' title='bbox 920 1713 1009 1777; x_wconf 91' lang='lat' dir='ltr'>reus,</span> <span class='ocrx_word' id='word_1_60' title='bbox 1045 1693 1078 1761; x_wconf 75' lang='grc' dir='ltr'>δι</span> <span class='ocrx_word' id='word_1_61' title='bbox 1115 1689 1284 1761; x_wconf 90' lang='lat' dir='ltr'>ministros</span> 
     </span>
     <span class='ocr_line' id='line_1_11' title="bbox 316 1805 1284 1907; baseline -0.002 -29"><span class='ocrx_word' id='word_1_62' title='bbox 316 1806 351 1879; x_wconf 95' lang='lat' dir='ltr'>in</span> <span class='ocrx_word' id='word_1_63' title='bbox 374 1829 547 1881; x_wconf 88' lang='lat' dir='ltr'>tormenta</span> <span class='ocrx_word' id='word_1_64' title='bbox 576 1809 766 1907; x_wconf 82' lang='lat' dir='ltr'>flagitabat.</span> <span class='ocrx_word' id='word_1_65' title='bbox 815 1810 882 1880; x_wconf 88' lang='lat' dir='ltr'>Sed</span> <span class='ocrx_word' id='word_1_66' title='bbox 904 1805 1038 1904; x_wconf 80' lang='lat' dir='ltr'>judices</span> <span class='ocrx_word' id='word_1_67' title='bbox 1066 1831 1125 1903; x_wconf 87' lang='lat' dir='ltr'>per</span> <span class='ocrx_word' id='word_1_68' title='bbox 1151 1805 1284 1877; x_wconf 86' lang='lat' dir='ltr'>diversa</span> 
     </span>
     <span class='ocr_line' id='line_1_12' title="bbox 316 1924 1283 2024; baseline -0.001 -25"><span class='ocrx_word' id='word_1_69' title='bbox 316 1927 552 2024; x_wconf 86' lang='lat' dir='ltr'>implacabiles</span> <span class='ocrx_word' id='word_1_70' title='bbox 579 1949 697 2000; x_wconf 90' lang='lat' dir='ltr'>erant:</span> <span class='ocrx_word' id='word_1_71' title='bbox 738 1924 847 2001; x_wconf 79' lang='lat' dir='ltr'>caesar</span> <span class='ocrx_word' id='word_1_72' title='bbox 871 1928 918 1998; x_wconf 94' lang='lat' dir='ltr'>ob</span> <span class='ocrx_word' id='word_1_73' title='bbox 943 1926 1073 1998; x_wconf 92' lang='lat' dir='ltr'>bellum</span> <span class='ocrx_word' id='word_1_74' title='bbox 1099 1925 1283 2020; x_wconf 85' lang='lat' dir='ltr'>provinciae</span> 
     </span>
     <span class='ocr_line' id='line_1_13' title="bbox 317 2042 1285 2142; baseline -0.001 -25"><span class='ocrx_word' id='word_1_75' title='bbox 317 2045 487 2132; x_wconf 85' lang='lat' dir='ltr'>inlatum3</span> <span class='ocrx_word' id='word_1_76' title='bbox 522 2046 666 2135; x_wconf 84' lang='lat' dir='ltr'>senatus,</span> <span class='ocrx_word' id='word_1_77' title='bbox 699 2072 893 2142; x_wconf 85' lang='lat' dir='ltr'>numquam</span> <span class='ocrx_word' id='word_1_78' title='bbox 932 2042 1006 2115; x_wconf 87' lang='lat' dir='ltr'>satis</span> <span class='ocrx_word' id='word_1_79' title='bbox 1032 2044 1177 2133; x_wconf 89' lang='lat' dir='ltr'>credito,</span> <span class='ocrx_word' id='word_1_80' title='bbox 1216 2047 1285 2117; x_wconf 88' lang='lat' dir='ltr'>fine</span> 
     </span>
     <span class='ocr_line' id='line_1_14' title="bbox 315 2161 1285 2257; baseline -0.004 -21"><span class='ocrx_word' id='word_1_81' title='bbox 315 2164 437 2237; x_wconf 80' lang='lat' dir='ltr'>fraude</span> <span class='ocrx_word' id='word_1_82' title='bbox 472 2165 720 2238; x_wconf 88' lang='lat' dir='ltr'>Germanicum</span> <span class='ocrx_word' id='word_1_83' title='bbox 750 2164 935 2237; x_wconf 80' lang='lat' dir='ltr'>interiisse:</span> <span class='ocrx_word' id='word_1_84' title='bbox 978 2165 1040 2256; x_wconf 75' lang='lat' dir='ltr'>(a)</span> <span class='ocrx_word' id='word_1_85' title='bbox 1085 2161 1285 2257; x_wconf 75' lang='lat' dir='ltr'>scripsissent</span> 
     </span>
     <span class='ocr_line' id='line_1_15' title="bbox 316 2280 1286 2378; baseline -0.004 -23"><span class='ocrx_word' id='word_1_86' title='bbox 316 2286 570 2378; x_wconf 83' lang='lat' dir='ltr'>expostulantes</span> <span class='ocrx_word' id='word_1_87' title='bbox 587 2313 595 2354; x_wconf 93' lang='lat'><strong>:</strong></span> <span class='ocrx_word' id='word_1_88' title='bbox 624 2285 720 2378; x_wconf 93' lang='lat' dir='ltr'>quod</span> <span class='ocrx_word' id='word_1_89' title='bbox 737 2284 829 2355; x_wconf 90' lang='lat' dir='ltr'>haud</span> <span class='ocrx_word' id='word_1_90' title='bbox 842 2281 957 2353; x_wconf 77' lang='lat' dir='ltr'>minias</span> <span class='ocrx_word' id='word_1_91' title='bbox 974 2280 1146 2369; x_wconf 89' lang='lat' dir='ltr'>Tiberius,</span> <span class='ocrx_word' id='word_1_92' title='bbox 1177 2281 1286 2377; x_wconf 73' lang='lat' dir='ltr'>quiam</span> 
     </span>
     <span class='ocr_line' id='line_1_16' title="bbox 317 2399 1286 2496; baseline -0.001 -25"><span class='ocrx_word' id='word_1_93' title='bbox 317 2399 395 2471; x_wconf 89' lang='lat' dir='ltr'>Piso</span> <span class='ocrx_word' id='word_1_94' title='bbox 423 2404 583 2473; x_wconf 69' lang='lat' dir='ltr'>alnmdre.</span> <span class='ocrx_word' id='word_1_95' title='bbox 642 2400 752 2472; x_wconf 89' lang='lat' dir='ltr'>Simul</span> <span class='ocrx_word' id='word_1_96' title='bbox 784 2400 901 2496; x_wconf 93' lang='lat' dir='ltr'>populi</span> <span class='ocrx_word' id='word_1_97' title='bbox 934 2420 1013 2470; x_wconf 91' lang='lat' dir='ltr'>ante</span> <span class='ocrx_word' id='word_1_98' title='bbox 1035 2399 1163 2471; x_wconf 90' lang='lat' dir='ltr'>curiam</span> <span class='ocrx_word' id='word_1_99' title='bbox 1182 2424 1286 2471; x_wconf 79' lang='lat' dir='ltr'>voces</span> 
     </span>
     <span class='ocr_line' id='line_1_17' title="bbox 318 2518 1284 2613; baseline 0.001 -26"><span class='ocrx_word' id='word_1_100' title='bbox 318 2518 557 2604; x_wconf 85' lang='lat' dir='ltr'>audiebantur,</span> <span class='ocrx_word' id='word_1_101' title='bbox 601 2524 715 2588; x_wconf 90' lang='lat' dir='ltr'>“non</span> <span class='ocrx_word' id='word_1_102' title='bbox 750 2537 996 2613; x_wconf 90' lang='lat' dir='ltr'>temperaturos</span> <span class='ocrx_word' id='word_1_103' title='bbox 1040 2518 1214 2606; x_wconf 88' lang='lat' dir='ltr'>manibus,</span> <span class='ocrx_word' id='word_1_104' title='bbox 1262 2521 1284 2588; x_wconf 82' lang='lat' dir='ltr'>ri</span> 
     </span>
    </p>
   </div>
   <div class='ocr_carea' id='block_1_3' title="bbox 314 2633 1287 3322">
    <p class='ocr_par' dir='ltr' id='par_1_3' title="bbox 314 2633 1287 3322">
     <span class='ocr_line' id='line_1_18' title="bbox 319 2633 1285 2733; baseline 0.004 -30"><span class='ocrx_word' id='word_1_105' title='bbox 319 2642 505 2729; x_wconf 89' lang='lat' dir='ltr'>“patrum</span> <span class='ocrx_word' id='word_1_106' title='bbox 531 2633 710 2705; x_wconf 87' lang='lat' dir='ltr'>sententias</span> <span class='ocrx_word' id='word_1_107' title='bbox 735 2637 883 2707; x_wconf 78' lang='lat' dir='ltr'>evasisset</span> <span class='ocrx_word' id='word_1_108' title='bbox 905 2638 940 2706; x_wconf 90' lang='lat'>:’&#39;</span> <span class='ocrx_word' id='word_1_109' title='bbox 972 2635 1168 2733; x_wconf 85' lang='lat' dir='ltr'>effigiesque</span> <span class='ocrx_word' id='word_1_110' title='bbox 1192 2635 1285 2707; x_wconf 89' lang='lat' dir='ltr'>Piso-</span> 
     </span>
     <span class='ocr_line' id='line_1_19' title="bbox 319 2752 1285 2845; baseline 0.002 -22"><span class='ocrx_word' id='word_1_111' title='bbox 319 2752 371 2823; x_wconf 89' lang='lat' dir='ltr'>nis</span> <span class='ocrx_word' id='word_1_112' title='bbox 401 2774 573 2822; x_wconf 81' lang='lat' dir='ltr'>traxcrant</span> <span class='ocrx_word' id='word_1_113' title='bbox 605 2752 641 2823; x_wconf 89' lang='lat' dir='ltr'>in</span> <span class='ocrx_word' id='word_1_114' title='bbox 679 2754 866 2825; x_wconf 87' lang='lat' dir='ltr'>Gemonias</span> <span class='ocrx_word' id='word_1_115' title='bbox 901 2780 939 2826; x_wconf 90' lang='lat' dir='ltr'>ac</span> <span class='ocrx_word' id='word_1_116' title='bbox 977 2756 1208 2845; x_wconf 82' lang='lat' dir='ltr'>devellebant,</span> <span class='ocrx_word' id='word_1_117' title='bbox 1250 2755 1285 2826; x_wconf 92' lang='lat' dir='ltr'>ni</span> 
     </span>
     <span class='ocr_line' id='line_1_20' title="bbox 314 2869 1285 2970; baseline 0.004 -29"><span class='ocrx_word' id='word_1_118' title='bbox 314 2869 406 2966; x_wconf 78' lang='lat' dir='ltr'>judit</span> <span class='ocrx_word' id='word_1_119' title='bbox 430 2870 597 2964; x_wconf 89' lang='lat' dir='ltr'>Principis</span> <span class='ocrx_word' id='word_1_120' title='bbox 621 2876 782 2966; x_wconf 72' lang='lat' dir='ltr'>protcdae</span> <span class='ocrx_word' id='word_1_121' title='bbox 807 2878 1026 2968; x_wconf 66' lang='lat' dir='ltr'>repositaeque</span> <span class='ocrx_word' id='word_1_122' title='bbox 1044 2873 1164 2944; x_wconf 87' lang='lat' dir='ltr'>forent.</span> <span class='ocrx_word' id='word_1_123' title='bbox 1215 2874 1285 2970; x_wconf 82' lang='lat' dir='ltr'>lgi-</span> 
     </span>
     <span class='ocr_line' id='line_1_21' title="bbox 320 2989 1286 3087; baseline 0.001 -27"><span class='ocrx_word' id='word_1_124' title='bbox 320 3012 375 3060; x_wconf 90' lang='lat' dir='ltr'>tur</span> <span class='ocrx_word' id='word_1_125' title='bbox 392 2989 519 3060; x_wconf 88' lang='lat' dir='ltr'>inditus</span> <span class='ocrx_word' id='word_1_126' title='bbox 538 2991 678 3078; x_wconf 68' lang='lat' dir='ltr'>lectica,</span> <span class='ocrx_word' id='word_1_127' title='bbox 698 2996 729 3062; x_wconf 69' lang='grc' dir='ltr'>ἃ</span> <span class='ocrx_word' id='word_1_128' title='bbox 754 3017 773 3061; x_wconf 91' lang='lat' dir='ltr'>a</span> <span class='ocrx_word' id='word_1_129' title='bbox 801 2992 940 3062; x_wconf 91' lang='lat' dir='ltr'>tribuno</span> <span class='ocrx_word' id='word_1_130' title='bbox 954 2991 1120 3087; x_wconf 79' lang='lat' dir='ltr'>praetoriae</span> <span class='ocrx_word' id='word_1_131' title='bbox 1139 2992 1286 3064; x_wconf 87' lang='lat' dir='ltr'>cohortis</span> 
     </span>
     <span class='ocr_line' id='line_1_22' title="bbox 320 3109 1287 3199; baseline 0.003 -21"><span class='ocrx_word' id='word_1_132' title='bbox 320 3110 488 3178; x_wconf 68' lang='lat' dir='ltr'>deducius</span> <span class='ocrx_word' id='word_1_133' title='bbox 513 3109 582 3179; x_wconf 85' lang='lat' dir='ltr'>est:</span> <span class='ocrx_word' id='word_1_134' title='bbox 620 3109 714 3181; x_wconf 80' lang='lat' dir='ltr'>vario</span> <span class='ocrx_word' id='word_1_135' title='bbox 744 3136 893 3199; x_wconf 90' lang='lat' dir='ltr'>rumore,</span> <span class='ocrx_word' id='word_1_136' title='bbox 929 3110 1042 3182; x_wconf 86' lang='lat' dir='ltr'>custos</span> <span class='ocrx_word' id='word_1_137' title='bbox 1078 3109 1204 3199; x_wconf 71' lang='lat' dir='ltr'>salutis,</span> <span class='ocrx_word' id='word_1_138' title='bbox 1243 3137 1287 3181; x_wconf 90' lang='lat' dir='ltr'>an</span> 
     </span>
     <span class='ocr_line' id='line_1_23' title="bbox 320 3214 1284 3322; baseline 0.001 -25"><span class='ocrx_word' id='word_1_139' title='bbox 320 3227 440 3297; x_wconf 82' lang='lat' dir='ltr'>mortis</span> <span class='ocrx_word' id='word_1_140' title='bbox 466 3230 604 3298; x_wconf 69' lang='lat' dir='ltr'>exactor</span> <span class='ocrx_word' id='word_1_141' title='bbox 628 3226 832 3322; x_wconf 82' lang='lat' dir='ltr'>sequeretur.</span> <span class='ocrx_word' id='word_1_142' title='bbox 1281 3214 1284 3219; x_wconf 89' lang='lat'><strong>.</strong></span> 
     </span>
    </p>
   </div>
   <div class='ocr_carea' id='block_1_4' title="bbox 320 3347 1288 4036">
    <p class='ocr_par' dir='ltr' id='par_1_4' title="bbox 320 3347 1288 4036">
     <span class='ocr_line' id='line_1_24' title="bbox 369 3347 1284 3444; baseline 0 -26"><span class='ocrx_word' id='word_1_143' title='bbox 369 3349 449 3418; x_wconf 78' lang='lat' dir='ltr'>XV.</span> <span class='ocrx_word' id='word_1_144' title='bbox 479 3349 624 3416; x_wconf 52' lang='lat' dir='ltr'>{sinan</span> <span class='ocrx_word' id='word_1_145' title='bbox 651 3347 827 3418; x_wconf 69' lang='lat' dir='ltr'>Plancinae</span> <span class='ocrx_word' id='word_1_146' title='bbox 854 3348 995 3436; x_wconf 75' lang='lat' dir='ltr'>invidia,</span> <span class='ocrx_word' id='word_1_147' title='bbox 1020 3348 1126 3444; x_wconf 72' lang='lat' dir='ltr'>maior</span> <span class='ocrx_word' id='word_1_148' title='bbox 1152 3347 1284 3442; x_wconf 80' lang='lat' dir='ltr'>gratia:</span> 
     </span>
     <span class='ocr_line' id='line_1_25' title="bbox 320 3465 1288 3561; baseline 0.001 -25"><span class='ocrx_word' id='word_1_149' title='bbox 320 3466 431 3561; x_wconf 80' lang='lat' dir='ltr'>eoque</span> <span class='ocrx_word' id='word_1_150' title='bbox 453 3465 658 3560; x_wconf 81' lang='lat' dir='ltr'>ambiguum</span> <span class='ocrx_word' id='word_1_151' title='bbox 676 3467 876 3555; x_wconf 89' lang='lat' dir='ltr'>habebatur,</span> <span class='ocrx_word' id='word_1_152' title='bbox 909 3488 1078 3560; x_wconf 86' lang='lat' dir='ltr'>quantum</span> <span class='ocrx_word' id='word_1_153' title='bbox 1101 3465 1222 3537; x_wconf 76' lang='lat' dir='ltr'>Casini</span> <span class='ocrx_word' id='word_1_154' title='bbox 1252 3466 1288 3537; x_wconf 94' lang='lat' dir='ltr'>in</span> 
     </span>
     <span class='ocr_line' id='line_1_26' title="bbox 321 3581 1287 3679; baseline 0.001 -25"><span class='ocrx_word' id='word_1_155' title='bbox 321 3609 396 3654; x_wconf 86' lang='lat' dir='ltr'>eam</span> <span class='ocrx_word' id='word_1_156' title='bbox 424 3584 550 3654; x_wconf 88' lang='lat' dir='ltr'>liceret.</span> <span class='ocrx_word' id='word_1_157' title='bbox 611 3588 729 3679; x_wconf 83' lang='lat' dir='ltr'>Atque</span> <span class='ocrx_word' id='word_1_158' title='bbox 759 3581 839 3679; x_wconf 88' lang='lat' dir='ltr'>ipsa,</span> <span class='ocrx_word' id='word_1_159' title='bbox 878 3586 989 3656; x_wconf 88' lang='lat' dir='ltr'>donec</span> <span class='ocrx_word' id='word_1_160' title='bbox 1015 3586 1137 3656; x_wconf 70' lang='lat' dir='ltr'>metliae</span> <span class='ocrx_word' id='word_1_161' title='bbox 1172 3582 1287 3655; x_wconf 85' lang='lat' dir='ltr'>Pisoni</span> 
     </span>
     <span class='ocr_line' id='line_1_27' title="bbox 321 3699 1287 3796; baseline 0.002 -25"><span class='ocrx_word' id='word_1_162' title='bbox 321 3700 408 3795; x_wconf 88' lang='lat' dir='ltr'>spes,</span> <span class='ocrx_word' id='word_1_163' title='bbox 438 3699 604 3772; x_wconf 90' lang='lat' dir='ltr'>“sociam</span> <span class='ocrx_word' id='word_1_164' title='bbox 625 3700 657 3771; x_wconf 92' lang='lat' dir='ltr'>se</span> <span class='ocrx_word' id='word_1_165' title='bbox 681 3700 926 3796; x_wconf 86' lang='lat' dir='ltr'>cujuscumque</span> <span class='ocrx_word' id='word_1_166' title='bbox 950 3701 1109 3791; x_wconf 76' lang='lat' dir='ltr'>fortuna,</span> <span class='ocrx_word' id='word_1_167' title='bbox 1139 3707 1170 3773; x_wconf 75' lang='grc' dir='ltr'>δι</span> <span class='ocrx_word' id='word_1_168' title='bbox 1195 3706 1216 3772; x_wconf 90' lang='lat' dir='ltr'>sr</span> <span class='ocrx_word' id='word_1_169' title='bbox 1241 3704 1287 3773; x_wconf 85' lang='lat' dir='ltr'>ita</span> 
     </span>
     <span class='ocr_line' id='line_1_28' title="bbox 325 3819 1286 3915; baseline 0.003 -26"><span class='ocrx_word' id='word_1_170' title='bbox 325 3819 486 3906; x_wconf 89' lang='lat' dir='ltr'>“serret,</span> <span class='ocrx_word' id='word_1_171' title='bbox 517 3820 680 3890; x_wconf 90' lang='lat' dir='ltr'>comitem</span> <span class='ocrx_word' id='word_1_172' title='bbox 708 3820 828 3890; x_wconf 86' lang='lat' dir='ltr'>exitii&#39;&#39;</span> <span class='ocrx_word' id='word_1_173' title='bbox 866 3821 1097 3915; x_wconf 87' lang='lat' dir='ltr'>promittebat.</span> <span class='ocrx_word' id='word_1_174' title='bbox 1157 3825 1209 3892; x_wconf 90' lang='lat' dir='ltr'>Ut</span> <span class='ocrx_word' id='word_1_175' title='bbox 1238 3821 1286 3892; x_wconf 88' lang='lat' dir='ltr'>se-</span> 
     </span>
     <span class='ocr_line' id='line_1_29' title="bbox 322 3937 1285 4036; baseline 0.002 -28"><span class='ocrx_word' id='word_1_176' title='bbox 322 3938 419 4008; x_wconf 89' lang='lat' dir='ltr'>cretis</span> <span class='ocrx_word' id='word_1_177' title='bbox 437 3937 603 4032; x_wconf 86' lang='lat' dir='ltr'>Augustae</span> <span class='ocrx_word' id='word_1_178' title='bbox 621 3937 777 4033; x_wconf 88' lang='lat' dir='ltr'>precibus</span> <span class='ocrx_word' id='word_1_179' title='bbox 794 3938 932 4011; x_wconf 78' lang='lat' dir='ltr'>veniam</span> <span class='ocrx_word' id='word_1_180' title='bbox 951 3938 1122 4024; x_wconf 86' lang='lat' dir='ltr'>obtinuit;</span> <span class='ocrx_word' id='word_1_181' title='bbox 1154 3939 1285 4036; x_wconf 83' lang='lat' dir='ltr'>paulla-</span> 
     </span>
    </p>
   </div>
   <div class='ocr_carea' id='block_1_5' title="bbox 0 0 1508 5138">
    <p class='ocr_par' dir='ltr' id='par_1_5' title="bbox 0 0 1508 5138">
     <span class='ocr_line' id='line_1_30' title="bbox 0 0 1508 5138; baseline 0 0"><span class='ocrx_word' id='word_1_182' title='bbox 0 0 1508 5138; x_wconf 95' lang='lat' dir='ltr'> </span> 
     </span>
    </p>
   </div>
  </div>
 </body>
</html>
