2986 5138
468 546 990 630 Auunsruanrn.V1.
1165 576 1231 654 311

266 725 407 799 dicavit.
456 728 523 802 Sed
536 731 737 803 aestimando
755 729 916 827 cujusque
933 727 1139 803 detrimento
1152 757 1237 828 qua·

268 865 347 919 tuor
387 850 568 945 progeneri
597 849 749 940 Caesaris,
793 853 859 922 Cn.
887 849 1076 938 Domitius,
1109 851 1237 924 Caffius

267 967 467 1065 Longinus,
482 972 537 1040 M.
551 969 719 1058 Vinicius,
734 970 917 1043 Rubellius
935 971 1084 1042 Blandus
1096 970 1235 1059 delesli,

265 1085 486 1183 additusque,
513 1088 747 1160 nominatione
764 1088 957 1178 consulum,
983 1090 1023 1160 P.
1044 1089 1235 1161 Petronius.

268 1206 327 1293 Et,
354 1231 417 1301 pro
444 1205 585 1303 ingenio
609 1205 785 1303 cujusque,
815 1208 947 1304 quaesrti
976 1207 1174 1304 decretique
1198 1208 1234 1280 in

265 1323 464 1421 Principem
482 1327 650 1398 honores:
681 1352 767 1422 quos
785 1326 935 1398 omiserit
963 1326 1172 1422 receperitve
1197 1327 1235 1399 in

264 1441 395 1515 incerto
421 1441 500 1532 suit,
526 1447 573 1516 ob
589 1445 825 1542 propinquum
840 1447 919 1518 vitae
936 1449 1055 1518 finem.
1106 1449 1234 1543 Neque

264 1561 357 1635 enim
387 1561 498 1634 multo
527 1563 603 1659 post
628 1563 775 1660 supremi
800 1566 944 1638 Tiberio
972 1564 1138 1656 consules,
1166 1568 1233 1639 Cn.

265 1681 488 1772 Acerronius,
519 1683 560 1754 C.
595 1683 737 1756 Pontius
774 1685 1008 1782 magistratum
1051 1687 1231 1782 occepdre,

264 1799 370 1873 nimis
386 1799 461 1898 jam
488 1803 639 1898 potentias
654 1804 845 1892 Macronis,
860 1802 919 1899 qui
935 1803 1080 1900 gratiam
1094 1805 1137 1877 C.
1155 1807 1232 1878 Cae·

263 1917 356 2009 saris,
369 1947 564 2018 numquam
581 1921 641 1993 fibi
657 1924 863 2018 neglectam,
889 1922 998 1993 acrius
1022 1921 1057 1992 in
1082 1921 1154 1994 dies
1178 1923 1232 1995 so·

262 2043 381 2129 vebat,
408 2038 661 2138 impuleratque
678 2041 914 2136 postmortem
931 2039 1100 2129 Claudiae,
1125 2068 1231 2137 quam

261 2160 407 2257 nuptam
435 2160 465 2232 ei
490 2160 601 2248 retuli,
627 2184 774 2231 uxorem
797 2157 892 2231 suam
922 2157 1074 2230 Enniam
1097 2159 1230 2233 immit-

261 2281 382 2368 tendo,
412 2306 528 2353 amore
551 2279 721 2376 juvenem
744 2279 896 2367 inlicere,
923 2280 1092 2375 pastuque
1115 2279 1230 2351 matri·

260 2397 371 2469 monii
394 2397 537 2488 vincire,
561 2399 646 2472 nihil
667 2401 892 2488 abnuentem,
907 2400 994 2471 dum
1020 2397 1229 2473 dominatio-

259 2515 312 2588 nis
350 2517 565 2612 apisceretur.
626 2521 723 2592 Nam
758 2522 816 2591 etsi
850 2538 1045 2591 commotus
1073 2517 1228 2616 ingeni0,

260 2633 516 2707 simulationum
542 2655 658 2708 tamen
682 2637 762 2709 salsa
786 2639 822 2708 in
845 2642 916 2710 srnu
943 2638 999 2713 avi
1037 2639 1228 2736 perdidice-

259 2771 321 2824 rat.

307 2873 441 2946 XLVI.
466 2875 647 2946 Gunnun
671 2876 737 2949 hoc
763 2877 926 2973 Principi,
951 2879 1061 2971 eoque
1089 2879 1227 2953 dubita-

259 2992 310 3067 vit
325 2995 370 3066 de
387 2994 553 3065 tradenda
570 2995 762 3090 republicd:
787 2996 939 3093 primum
958 2994 1045 3065 inter
1061 3016 1225 3091 nepotes;

259 3141 411 3213 quorum
428 3114 542 3188 Druso
560 3115 707 3212 genitus,
743 3113 906 3212 sanguine
932 3118 965 3185 ἃ
991 3111 1129 3186 caritate
1144 3140 1225 3210 pro-

258 3233 348 3330 pior,
368 3235 425 3307 sed
443 3235 602 3307 nondum
621 3237 840 3330 pubertatem
855 3234 1046 3331 ingressus:
1078 3236 1224 3306 Germa·

257 3352 326 3425 nici
342 3352 416 3423 filio
433 3353 715 3450 roburjuventae,
734 3352 833 3451 vulgi
850 3353 971 3440 studia,
1006 3337 1113 3449 eaque
1130 3354 1225 3449 apud

256 3496 365 3542 avum
397 3472 469 3543 odii
503 3471 611 3546 causa.
673 3472 789 3545 Etiam
819 3473 864 3543 de
891 3472 1038 3545 Claudio
1065 3473 1223 3570 agitanti,

256 3590 353 3687 quod
371 3589 397 3661 is
414 3595 602 3686 composrtd
619 3611 732 3680 aetate,
750 3594 920 3665 bonarum
937 3591 1060 3664 artium
1084 3592 1223 3690 cupiens

255 3732 341 3802 erat,
362 3709 546 3783 imminuta
572 3737 669 3785 mens
694 3709 764 3807 ejus
781 3709 922 3783 obstitit.
972 3710 1029 3782 Sin
1046 3730 1143 3784 extra
1159 3713 1224 3785 do-

254 3855 355 3902 mum
373 3830 541 3905 successor
559 3851 777 3927 quaereretur,
800 3856 845 3902 ne
869 3829 1039 3903 memoria
1057 3831 1223 3928 Augusti,

253 3972 299 4021 ne
327 3975 457 4025 nomen
489 3948 661 4025 Caesarum
690 3949 725 4023 in
754 3948 964 4024 ludibria&
993 3951 1221 4028 contumelias
