2986 5138
269 687 1228 867 c.coRNnnu

444 941 1064 1074 TACITI

375 1213 1114 1316 nunnius

454 1496 667 1569 LIBER
715 1496 1041 1569 TERTIUS.

461 1806 1043 1851 ........-.-...-.-

261 2011 439 2159 Nurrn
474 2063 665 2136 intermissa
696 2064 917 2162 navigatione
949 2063 1080 2138 hiberni
1112 2068 1229 2159 maris,

261 2183 458 2279 Agrippina
469 2184 657 2278 Corcyram
670 2182 813 2256 insulam
826 2185 1022 2275 advehitur,
1047 2184 1147 2257 litora
1163 2191 1230 2262 Ca-

260 2304 375 2376 labriae
393 2324 511 2377 contra
530 2306 636 2376 fitam.
683 2286 762 2376 lllic
782 2330 911 2399 paucos
927 2306 1000 2377 dies
1016 2331 1230 2402 componen·
1328 2292 1331 2297 ⁵

259 2424 307 2495 do
323 2423 438 2495 animo
456 2421 610 2510 insumit,
637 2421 788 2495 violenta
810 2424 919 2513 luetu,
947 2428 981 2496 δι
998 2422 1109 2506 nescia
1126 2428 1229 2499 toler-

259 2543 351 2616 andi.
401 2541 545 2614 Interim
562 2543 714 2614 adventu
732 2541 803 2639 ejus
819 2543 952 2632 audito,
979 2543 1120 2617 intimus
1139 2547 1229 2644 quis-

259 2687 327 2758 que
352 2662 557 2748 amicorum,
585 2667 617 2733 ἃ
647 2662 803 2759 plerique
829 2662 1004 2752 militares,
1031 2685 1070 2735 ut
1098 2665 1229 2763 quique

258 2782 320 2853 sub
337 2781 547 2852 Germanico
563 2779 731 2876 stipendia
747 2781 908 2870 fecerant,
935 2783 1105 2879 multique
1123 2785 1228 2858 etiam

258 2898 370 2997 ignoti
386 2898 507 2971 vicinis
525 2925 543 2970 e
561 2900 769 2995 municipiis,
796 2926 871 2996 pars
887 2901 1039 2974 officium
1050 2903 1086 2974 in
1098 2903 1227 2976 Princi-

259 3045 340 3115 pem
371 3019 447 3107 rati,
480 3021 594 3115 plures
612 3019 690 3091 illos
715 3018 833 3108 secuti,
870 3045 967 3091 ruere
990 3021 1035 3093 ad
1055 3022 1227 3118 oppidum

198 3180 202 3190 =
259 3137 500 3224 Brundisium3
540 3140 636 3235 quod
663 3138 842 3235 naviganti
869 3138 1088 3212 celerrimum
1110 3142 1226 3214 fidiffi-

259 3282 429 3354 mumque
446 3255 591 3354 adpulsu
609 3277 690 3329 erat.
718 3262 838 3355 Atque
848 3259 909 3330 ubi
922 3259 1074 3354 primum
1090 3285 1135 3333 ex
1153 3262 1224 3333 alto

257 3376 328 3449 visa
345 3379 465 3467 clausis,
491 3377 712 3473 complentur
723 3404 795 3449 non
807 3377 916 3450 modu
929 3399 1046 3474 portus
1061 3381 1093 3448 ὃ(
1108 3379 1225 3475 proxi-

256 3523 314 3569 ma
332 3498 448 3584 maris,
474 3494 531 3569 sed
548 3496 679 3568 moenia
695 3522 734 3568 ac
751 3476 854 3586 tetta,
881 3499 1018 3592 quaque
1034 3498 1227 3594 longissime}

257 3615 461 3712 prospe&ari
477 3635 623 3710 poterat,
650 3615 867 3688 maerentium
884 3617 997 3703 turbe,
1025 3615 1225 3713 &rogitan-

255 3735 344 3808 tium
362 3734 450 3808 inter
466 3732 514 3824 se,
538 3740 566 3776 “
581 3735 768 3823 silentione,
793 3760 839 3807 an
854 3759 943 3807 voce
958 3733 1072 3830 aliqua
1089 3733 1225 3830 egredi·

255 3863 281 3896 “
299 3872 415 3927 entem
432 3854 633 3951 exciperent
649 3854 689 3924 ?'’
722 3879 835 3950 neque
851 3853 929 3926 satis
944 3853 1117 3927 constabat
1139 3851 1227 3947 quid

256 3998 321 4068 pro
337 3994 492 4070 tempore
507 3971 594 4047 foret
610 4000 619 4045 ε
646 3973 729 4046 clun
746 3974 852 4048 elaffis
867 3971 1045 4072 paullatim
1060 3969 1222 4062 successit,
