<?xml version="1.0" encoding="UTF-8"?>
<!DOCTYPE html PUBLIC "-//W3C//DTD XHTML 1.0 Transitional//EN"
    "http://www.w3.org/TR/xhtml1/DTD/xhtml1-transitional.dtd">
<html xmlns="http://www.w3.org/1999/xhtml" xml:lang="en" lang="en">
 <head>
  <title>
</title>
<meta http-equiv="Content-Type" content="text/html;charset=utf-8" />
  <meta name='ocr-system' content='tesseract 3.04.00' />
  <meta name='ocr-capabilities' content='ocr_page ocr_carea ocr_par ocr_line ocrx_word'/>
</head>
<body>
  <div class='ocr_page' id='page_1' title='image "./ccorneliitaciti03ernegoog_0247.png"; bbox 0 0 2986 5138; ppageno 0'>
   <div class='ocr_carea' id='block_1_1' title="bbox 344 550 1120 650">
    <p class='ocr_par' dir='ltr' id='par_1_1' title="bbox 344 550 1120 650">
     <span class='ocr_line' id='line_1_1' title="bbox 344 550 1120 650; baseline 0.008 -24"><span class='ocrx_word' id='word_1_1' title='bbox 344 578 411 650; x_wconf 89' lang='lat'>190</span> <span class='ocrx_word' id='word_1_2' title='bbox 553 550 1120 631; x_wconf 62' lang='lat' dir='ltr'>censurarum</span> 
     </span>
    </p>
   </div>
   <div class='ocr_carea' id='block_1_2' title="bbox 285 725 1311 4063">
    <p class='ocr_par' dir='ltr' id='par_1_2' title="bbox 285 725 1311 2005">
     <span class='ocr_line' id='line_1_2' title="bbox 339 725 1309 832; baseline 0.012 -35"><span class='ocrx_word' id='word_1_3' title='bbox 339 725 617 823; x_wconf 85' lang='lat' dir='ltr'>“promiscuum</span> <span class='ocrx_word' id='word_1_4' title='bbox 639 732 683 803; x_wconf 85' lang='lat' dir='ltr'>ad</span> <span class='ocrx_word' id='word_1_5' title='bbox 707 729 806 804; x_wconf 91' lang='lat' dir='ltr'>usum</span> <span class='ocrx_word' id='word_1_6' title='bbox 830 732 964 831; x_wconf 82' lang='lat' dir='ltr'>argenti</span> <span class='ocrx_word' id='word_1_7' title='bbox 985 732 1172 821; x_wconf 85' lang='lat' dir='ltr'>vertisset,&#39;’</span> <span class='ocrx_word' id='word_1_8' title='bbox 1196 732 1309 832; x_wconf 82' lang='lat' dir='ltr'>recipi</span> 
     </span>
     <span class='ocr_line' id='line_1_3' title="bbox 337 846 1311 949; baseline 0.01 -30"><span class='ocrx_word' id='word_1_9' title='bbox 337 846 449 921; x_wconf 82' lang='lat' dir='ltr'>Caesar</span> <span class='ocrx_word' id='word_1_10' title='bbox 470 849 558 922; x_wconf 89' lang='lat' dir='ltr'>inter</span> <span class='ocrx_word' id='word_1_11' title='bbox 580 874 654 923; x_wconf 87' lang='lat' dir='ltr'>reos</span> <span class='ocrx_word' id='word_1_12' title='bbox 680 852 813 938; x_wconf 77' lang='lat' dir='ltr'>vetuit3</span> <span class='ocrx_word' id='word_1_13' title='bbox 837 854 952 949; x_wconf 87' lang='lat' dir='ltr'>palam</span> <span class='ocrx_word' id='word_1_14' title='bbox 975 852 1174 949; x_wconf 84' lang='lat' dir='ltr'>aspernante</span> <span class='ocrx_word' id='word_1_15' title='bbox 1200 854 1311 929; x_wconf 86' lang='lat' dir='ltr'>Ateio</span> 
     </span>
     <span class='ocr_line' id='line_1_4' title="bbox 338 968 1309 1070; baseline 0.009 -29"><span class='ocrx_word' id='word_1_16' title='bbox 338 968 521 1066; x_wconf 87' lang='lat' dir='ltr'>Capitone,</span> <span class='ocrx_word' id='word_1_17' title='bbox 545 975 638 1070; x_wconf 77' lang='lat' dir='ltr'>quasi</span> <span class='ocrx_word' id='word_1_18' title='bbox 656 997 718 1069; x_wconf 88' lang='lat' dir='ltr'>per</span> <span class='ocrx_word' id='word_1_19' title='bbox 734 973 939 1047; x_wconf 88' lang='lat' dir='ltr'>libertatem.</span> <span class='ocrx_word' id='word_1_20' title='bbox 987 975 1114 1047; x_wconf 92' lang='lat' dir='ltr'>“Non</span> <span class='ocrx_word' id='word_1_21' title='bbox 1134 973 1227 1047; x_wconf 87' lang='lat' dir='ltr'>enim</span> <span class='ocrx_word' id='word_1_22' title='bbox 1244 977 1309 1049; x_wconf 84' lang='lat' dir='ltr'>de·</span> 
     </span>
     <span class='ocr_line' id='line_1_5' title="bbox 339 1091 1309 1191; baseline 0.004 -26"><span class='ocrx_word' id='word_1_23' title='bbox 339 1097 367 1134; x_wconf 91' lang='lat'><strong>“</strong></span> <span class='ocrx_word' id='word_1_24' title='bbox 385 1094 468 1165; x_wconf 90' lang='lat' dir='ltr'>bere</span> <span class='ocrx_word' id='word_1_25' title='bbox 484 1091 569 1189; x_wconf 89' lang='lat' dir='ltr'>eripi</span> <span class='ocrx_word' id='word_1_26' title='bbox 601 1092 752 1188; x_wconf 88' lang='lat' dir='ltr'>patribus</span> <span class='ocrx_word' id='word_1_27' title='bbox 781 1091 855 1167; x_wconf 83' lang='lat' dir='ltr'>vim</span> <span class='ocrx_word' id='word_1_28' title='bbox 884 1093 1068 1184; x_wconf 87' lang='lat' dir='ltr'>statuendi,</span> <span class='ocrx_word' id='word_1_29' title='bbox 1094 1117 1208 1191; x_wconf 89' lang='lat' dir='ltr'>neque</span> <span class='ocrx_word' id='word_1_30' title='bbox 1227 1113 1309 1169; x_wconf 88' lang='lat' dir='ltr'>tan·</span> 
     </span>
     <span class='ocr_line' id='line_1_6' title="bbox 339 1211 1310 1309; baseline 0.003 -25"><span class='ocrx_word' id='word_1_31' title='bbox 339 1218 367 1256; x_wconf 91' lang='lat'><strong>“</strong></span> <span class='ocrx_word' id='word_1_32' title='bbox 384 1231 461 1285; x_wconf 91' lang='lat' dir='ltr'>tum</span> <span class='ocrx_word' id='word_1_33' title='bbox 488 1212 700 1286; x_wconf 89' lang='lat' dir='ltr'>maleficium</span> <span class='ocrx_word' id='word_1_34' title='bbox 725 1211 869 1309; x_wconf 67' lang='lat' dir='ltr'>impune</span> <span class='ocrx_word' id='word_1_35' title='bbox 885 1212 1108 1286; x_wconf 89' lang='lat' dir='ltr'>habendum:</span> <span class='ocrx_word' id='word_1_36' title='bbox 1134 1212 1209 1285; x_wconf 73' lang='lat' dir='ltr'>sane</span> <span class='ocrx_word' id='word_1_37' title='bbox 1231 1215 1310 1287; x_wconf 86' lang='lat' dir='ltr'>len·</span> 
     </span>
     <span class='ocr_line' id='line_1_7' title="bbox 339 1329 1309 1430; baseline 0.003 -25"><span class='ocrx_word' id='word_1_38' title='bbox 339 1338 367 1374; x_wconf 89' lang='lat'><strong>“</strong></span> <span class='ocrx_word' id='word_1_39' title='bbox 385 1351 440 1405; x_wconf 85' lang='lat' dir='ltr'>tus</span> <span class='ocrx_word' id='word_1_40' title='bbox 464 1332 501 1405; x_wconf 93' lang='lat' dir='ltr'>in</span> <span class='ocrx_word' id='word_1_41' title='bbox 524 1331 585 1405; x_wconf 88' lang='lat' dir='ltr'>suo</span> <span class='ocrx_word' id='word_1_42' title='bbox 608 1332 729 1404; x_wconf 86' lang='lat' dir='ltr'>dolore</span> <span class='ocrx_word' id='word_1_43' title='bbox 752 1334 859 1419; x_wconf 83' lang='lat' dir='ltr'>ess&#39;et;</span> <span class='ocrx_word' id='word_1_44' title='bbox 888 1332 1086 1430; x_wconf 82' lang='lat' dir='ltr'>reipublicae</span> <span class='ocrx_word' id='word_1_45' title='bbox 1107 1329 1245 1429; x_wconf 88' lang='lat' dir='ltr'>injurias</span> <span class='ocrx_word' id='word_1_46' title='bbox 1261 1360 1309 1408; x_wconf 82' lang='lat' dir='ltr'>ne</span> 
     </span>
     <span class='ocr_line' id='line_1_8' title="bbox 341 1450 1311 1551; baseline 0.004 -28"><span class='ocrx_word' id='word_1_47' title='bbox 341 1457 369 1494; x_wconf 91' lang='lat'><strong>“</strong></span> <span class='ocrx_word' id='word_1_48' title='bbox 387 1450 604 1551; x_wconf 86' lang='lat' dir='ltr'>largiretur.”</span> <span class='ocrx_word' id='word_1_49' title='bbox 661 1451 836 1524; x_wconf 84' lang='lat' dir='ltr'>Intellexit</span> <span class='ocrx_word' id='word_1_50' title='bbox 864 1452 940 1526; x_wconf 78' lang='lat' dir='ltr'>haec</span> <span class='ocrx_word' id='word_1_51' title='bbox 960 1451 1134 1541; x_wconf 90' lang='lat' dir='ltr'>Tiberius,</span> <span class='ocrx_word' id='word_1_52' title='bbox 1155 1472 1195 1525; x_wconf 87' lang='lat' dir='ltr'>ut</span> <span class='ocrx_word' id='word_1_53' title='bbox 1211 1474 1311 1527; x_wconf 85' lang='lat' dir='ltr'>erant</span> 
     </span>
     <span class='ocr_line' id='line_1_9' title="bbox 335 1569 1307 1670; baseline 0.003 -26"><span class='ocrx_word' id='word_1_54' title='bbox 335 1569 464 1668; x_wconf 86' lang='lat' dir='ltr'>magis,</span> <span class='ocrx_word' id='word_1_55' title='bbox 497 1570 604 1667; x_wconf 74' lang='lat' dir='ltr'>quam</span> <span class='ocrx_word' id='word_1_56' title='bbox 625 1591 664 1643; x_wconf 91' lang='lat' dir='ltr'>ut</span> <span class='ocrx_word' id='word_1_57' title='bbox 687 1571 913 1645; x_wconf 86' lang='lat' dir='ltr'>dicebantur:</span> <span class='ocrx_word' id='word_1_58' title='bbox 953 1571 1165 1670; x_wconf 87' lang='lat' dir='ltr'>perstititque</span> <span class='ocrx_word' id='word_1_59' title='bbox 1197 1572 1307 1647; x_wconf 80' lang='lat' dir='ltr'>intet-</span> 
     </span>
     <span class='ocr_line' id='line_1_10' title="bbox 285 1688 1303 1791; baseline 0.005 -28"><span class='ocrx_word' id='word_1_60' title='bbox 285 1724 289 1731; x_wconf 94' lang='lat'><em>·</em></span> <span class='ocrx_word' id='word_1_61' title='bbox 337 1691 471 1763; x_wconf 85' lang='lat' dir='ltr'>cedere.</span> <span class='ocrx_word' id='word_1_62' title='bbox 519 1689 644 1786; x_wconf 89' lang='lat' dir='ltr'>Capito</span> <span class='ocrx_word' id='word_1_63' title='bbox 659 1689 850 1789; x_wconf 75' lang='lat' dir='ltr'>insignitior</span> <span class='ocrx_word' id='word_1_64' title='bbox 866 1688 1007 1764; x_wconf 78' lang='lat' dir='ltr'>infamia</span> <span class='ocrx_word' id='word_1_65' title='bbox 1022 1688 1100 1780; x_wconf 86' lang='lat' dir='ltr'>fuit,</span> <span class='ocrx_word' id='word_1_66' title='bbox 1127 1690 1303 1791; x_wconf 82' lang='lat' dir='ltr'>quddbu·</span> 
     </span>
     <span class='ocr_line' id='line_1_11' title="bbox 336 1808 1303 1909; baseline 0.005 -25"><span class='ocrx_word' id='word_1_67' title='bbox 336 1810 431 1884; x_wconf 88' lang='lat' dir='ltr'>mani</span> <span class='ocrx_word' id='word_1_68' title='bbox 448 1810 625 1909; x_wconf 85' lang='lat' dir='ltr'>divinique</span> <span class='ocrx_word' id='word_1_69' title='bbox 642 1808 728 1907; x_wconf 86' lang='lat' dir='ltr'>juris</span> <span class='ocrx_word' id='word_1_70' title='bbox 748 1809 868 1901; x_wconf 86' lang='lat' dir='ltr'>sciens,</span> <span class='ocrx_word' id='word_1_71' title='bbox 894 1810 1078 1909; x_wconf 87' lang='lat' dir='ltr'>egregium</span> <span class='ocrx_word' id='word_1_72' title='bbox 1102 1810 1303 1909; x_wconf 85' lang='lat' dir='ltr'>publicum,</span> 
     </span>
     <span class='ocr_line' id='line_1_12' title="bbox 335 1929 1029 2005; baseline -0.003 0"><span class='ocrx_word' id='word_1_73' title='bbox 335 1931 372 2004; x_wconf 67' lang='grc' dir='ltr'>ἃ</span> <span class='ocrx_word' id='word_1_74' title='bbox 388 1933 496 2005; x_wconf 88' lang='lat' dir='ltr'>bonas</span> <span class='ocrx_word' id='word_1_75' title='bbox 517 1930 615 2004; x_wconf 90' lang='lat' dir='ltr'>domi</span> <span class='ocrx_word' id='word_1_76' title='bbox 631 1950 719 2004; x_wconf 90' lang='lat' dir='ltr'>artes</span> <span class='ocrx_word' id='word_1_77' title='bbox 735 1929 1029 2005; x_wconf 82' lang='lat' dir='ltr'>dehonestaviffet.</span> 
     </span>
    </p>

    <p class='ocr_par' dir='ltr' id='par_1_3' title="bbox 331 2047 1308 4063">
     <span class='ocr_line' id='line_1_13' title="bbox 381 2047 1307 2149; baseline 0 -23"><span class='ocrx_word' id='word_1_78' title='bbox 381 2054 522 2127; x_wconf 86' lang='lat' dir='ltr'><strong>LXXI.</strong></span> <span class='ocrx_word' id='word_1_79' title='bbox 547 2054 722 2126; x_wconf 75' lang='lat' dir='ltr'>Incessit</span> <span class='ocrx_word' id='word_1_80' title='bbox 740 2050 822 2124; x_wconf 88' lang='lat' dir='ltr'>dein</span> <span class='ocrx_word' id='word_1_81' title='bbox 838 2047 972 2149; x_wconf 88' lang='lat' dir='ltr'>religio,</span> <span class='ocrx_word' id='word_1_82' title='bbox 990 2074 1145 2148; x_wconf 89' lang='lat' dir='ltr'>quonam</span> <span class='ocrx_word' id='word_1_83' title='bbox 1162 2050 1199 2125; x_wconf 92' lang='lat' dir='ltr'>in</span> <span class='ocrx_word' id='word_1_84' title='bbox 1214 2072 1307 2126; x_wconf 79' lang='lat' dir='ltr'>tem-</span> 
     </span>
     <span class='ocr_line' id='line_1_14' title="bbox 336 2169 1308 2269; baseline 0.003 -25"><span class='ocrx_word' id='word_1_85' title='bbox 336 2172 396 2269; x_wconf 91' lang='lat' dir='ltr'>plo</span> <span class='ocrx_word' id='word_1_86' title='bbox 424 2172 614 2246; x_wconf 88' lang='lat' dir='ltr'>locandum</span> <span class='ocrx_word' id='word_1_87' title='bbox 630 2169 718 2244; x_wconf 86' lang='lat' dir='ltr'>soret</span> <span class='ocrx_word' id='word_1_88' title='bbox 734 2171 882 2260; x_wconf 89' lang='lat' dir='ltr'>donum,</span> <span class='ocrx_word' id='word_1_89' title='bbox 908 2171 1005 2267; x_wconf 88' lang='lat' dir='ltr'>quod</span> <span class='ocrx_word' id='word_1_90' title='bbox 1022 2197 1087 2268; x_wconf 91' lang='lat' dir='ltr'>pro</span> <span class='ocrx_word' id='word_1_91' title='bbox 1104 2172 1308 2247; x_wconf 79' lang='lat' dir='ltr'>valetudine</span> 
     </span>
     <span class='ocr_line' id='line_1_15' title="bbox 336 2289 1308 2389; baseline 0.001 -25"><span class='ocrx_word' id='word_1_92' title='bbox 336 2290 507 2389; x_wconf 75' lang='lat' dir='ltr'>Augusta</span> <span class='ocrx_word' id='word_1_93' title='bbox 531 2289 661 2387; x_wconf 82' lang='lat' dir='ltr'>equites</span> <span class='ocrx_word' id='word_1_94' title='bbox 678 2290 831 2363; x_wconf 88' lang='lat' dir='ltr'>Romani</span> <span class='ocrx_word' id='word_1_95' title='bbox 852 2311 1020 2364; x_wconf 91' lang='lat' dir='ltr'>voverant</span> <span class='ocrx_word' id='word_1_96' title='bbox 1039 2289 1201 2388; x_wconf 87' lang='lat' dir='ltr'>Equestri</span> <span class='ocrx_word' id='word_1_97' title='bbox 1218 2293 1308 2365; x_wconf 90' lang='lat' dir='ltr'>For·</span> 
     </span>
     <span class='ocr_line' id='line_1_16' title="bbox 335 2407 1307 2507; baseline 0.003 -25"><span class='ocrx_word' id='word_1_98' title='bbox 335 2429 452 2483; x_wconf 87' lang='lat' dir='ltr'>tunae:</span> <span class='ocrx_word' id='word_1_99' title='bbox 479 2435 562 2482; x_wconf 87' lang='lat' dir='ltr'>nam</span> <span class='ocrx_word' id='word_1_100' title='bbox 579 2413 636 2482; x_wconf 77' lang='lat' dir='ltr'>etsi</span> <span class='ocrx_word' id='word_1_101' title='bbox 663 2410 809 2484; x_wconf 85' lang='lat' dir='ltr'>delubra</span> <span class='ocrx_word' id='word_1_102' title='bbox 824 2407 896 2507; x_wconf 89' lang='lat' dir='ltr'>ejus</span> <span class='ocrx_word' id='word_1_103' title='bbox 911 2412 986 2483; x_wconf 85' lang='lat' dir='ltr'>deae</span> <span class='ocrx_word' id='word_1_104' title='bbox 1004 2411 1114 2483; x_wconf 89' lang='lat' dir='ltr'>multa</span> <span class='ocrx_word' id='word_1_105' title='bbox 1128 2410 1166 2484; x_wconf 92' lang='lat' dir='ltr'>in</span> <span class='ocrx_word' id='word_1_106' title='bbox 1189 2412 1307 2502; x_wconf 79' lang='lat' dir='ltr'>Urbe,</span> 
     </span>
     <span class='ocr_line' id='line_1_17' title="bbox 335 2528 1307 2628; baseline 0.004 -26"><span class='ocrx_word' id='word_1_107' title='bbox 335 2531 471 2602; x_wconf 87' lang='lat' dir='ltr'>nullum</span> <span class='ocrx_word' id='word_1_108' title='bbox 488 2548 606 2602; x_wconf 89' lang='lat' dir='ltr'>tamen</span> <span class='ocrx_word' id='word_1_109' title='bbox 622 2528 681 2603; x_wconf 89' lang='lat' dir='ltr'>tali</span> <span class='ocrx_word' id='word_1_110' title='bbox 697 2549 931 2628; x_wconf 85' lang='lat' dir='ltr'>cognomento</span> <span class='ocrx_word' id='word_1_111' title='bbox 947 2549 1038 2604; x_wconf 88' lang='lat' dir='ltr'>erat:</span> <span class='ocrx_word' id='word_1_112' title='bbox 1065 2529 1307 2627; x_wconf 78' lang='lat' dir='ltr'>repertumest</span> 
     </span>
     <span class='ocr_line' id='line_1_18' title="bbox 335 2647 1308 2747; baseline 0.003 -25"><span class='ocrx_word' id='word_1_113' title='bbox 335 2650 448 2723; x_wconf 83' lang='lat' dir='ltr'>aedem</span> <span class='ocrx_word' id='word_1_114' title='bbox 470 2650 537 2721; x_wconf 85' lang='lat' dir='ltr'>effe</span> <span class='ocrx_word' id='word_1_115' title='bbox 557 2650 651 2746; x_wconf 89' lang='lat' dir='ltr'>apud</span> <span class='ocrx_word' id='word_1_116' title='bbox 668 2647 830 2738; x_wconf 87' lang='lat' dir='ltr'>Antium,</span> <span class='ocrx_word' id='word_1_117' title='bbox 859 2674 937 2746; x_wconf 83' lang='lat' dir='ltr'>quae</span> <span class='ocrx_word' id='word_1_118' title='bbox 968 2653 1011 2724; x_wconf 87' lang='lat' dir='ltr'>fic</span> <span class='ocrx_word' id='word_1_119' title='bbox 1034 2667 1308 2747; x_wconf 83' lang='lat' dir='ltr'>nuncuparetur,</span> 
     </span>
     <span class='ocr_line' id='line_1_19' title="bbox 336 2764 1307 2867; baseline 0.004 -27"><span class='ocrx_word' id='word_1_120' title='bbox 336 2776 363 2811; x_wconf 89' lang='lat'><strong>“</strong></span> <span class='ocrx_word' id='word_1_121' title='bbox 382 2764 589 2866; x_wconf 72' lang='lat' dir='ltr'>condasque</span> <span class='ocrx_word' id='word_1_122' title='bbox 601 2767 817 2842; x_wconf 74' lang='lat' dir='ltr'>carimonias</span> <span class='ocrx_word' id='word_1_123' title='bbox 840 2769 967 2842; x_wconf 82' lang='lat' dir='ltr'>Italicis</span> <span class='ocrx_word' id='word_1_124' title='bbox 984 2769 1020 2841; x_wconf 95' lang='lat' dir='ltr'>in</span> <span class='ocrx_word' id='word_1_125' title='bbox 1036 2769 1189 2867; x_wconf 86' lang='lat' dir='ltr'>oppidis,</span> <span class='ocrx_word' id='word_1_126' title='bbox 1214 2791 1307 2844; x_wconf 89' lang='lat' dir='ltr'>tem·</span> 
     </span>
     <span class='ocr_line' id='line_1_20' title="bbox 334 2887 1306 2987; baseline 0.001 -25"><span class='ocrx_word' id='word_1_127' title='bbox 334 2897 361 2933; x_wconf 89' lang='lat'>“</span> <span class='ocrx_word' id='word_1_128' title='bbox 381 2891 521 2987; x_wconf 88' lang='lat' dir='ltr'>plaque,</span> <span class='ocrx_word' id='word_1_129' title='bbox 550 2889 786 2962; x_wconf 83' lang='lat' dir='ltr'>&amp;numinum</span> <span class='ocrx_word' id='word_1_130' title='bbox 799 2889 943 2987; x_wconf 87' lang='lat' dir='ltr'>effigies,</span> <span class='ocrx_word' id='word_1_131' title='bbox 964 2887 1051 2987; x_wconf 88' lang='lat' dir='ltr'>jutis</span> <span class='ocrx_word' id='word_1_132' title='bbox 1066 2908 1170 2986; x_wconf 90' lang='lat' dir='ltr'>atque</span> <span class='ocrx_word' id='word_1_133' title='bbox 1192 2890 1306 2987; x_wconf 82' lang='lat' dir='ltr'>impe·</span> 
     </span>
     <span class='ocr_line' id='line_1_21' title="bbox 334 3008 1305 3105; baseline 0.001 -24"><span class='ocrx_word' id='word_1_134' title='bbox 334 3016 362 3050; x_wconf 90' lang='lat'><strong>“</strong></span> <span class='ocrx_word' id='word_1_135' title='bbox 381 3009 421 3081; x_wconf 88' lang='lat' dir='ltr'>rii</span> <span class='ocrx_word' id='word_1_136' title='bbox 437 3010 591 3083; x_wconf 86' lang='lat' dir='ltr'>Romani</span> <span class='ocrx_word' id='word_1_137' title='bbox 605 3011 671 3082; x_wconf 88' lang='lat' dir='ltr'>else</span> <span class='ocrx_word' id='word_1_138' title='bbox 683 3010 718 3082; x_wconf 79' lang='lat'>:⁹⁹</span> <span class='ocrx_word' id='word_1_139' title='bbox 744 3009 790 3081; x_wconf 87' lang='lat' dir='ltr'>ita</span> <span class='ocrx_word' id='word_1_140' title='bbox 813 3010 946 3082; x_wconf 91' lang='lat' dir='ltr'>donum</span> <span class='ocrx_word' id='word_1_141' title='bbox 961 3010 1055 3105; x_wconf 89' lang='lat' dir='ltr'>apud</span> <span class='ocrx_word' id='word_1_142' title='bbox 1071 3008 1219 3082; x_wconf 85' lang='lat' dir='ltr'>Antium</span> <span class='ocrx_word' id='word_1_143' title='bbox 1239 3009 1305 3083; x_wconf 82' lang='lat' dir='ltr'>sta·</span> 
     </span>
     <span class='ocr_line' id='line_1_22' title="bbox 333 3128 1300 3226; baseline -0.002 -24"><span class='ocrx_word' id='word_1_144' title='bbox 333 3129 452 3202; x_wconf 89' lang='lat' dir='ltr'>tuitur.</span> <span class='ocrx_word' id='word_1_145' title='bbox 502 3132 548 3202; x_wconf 88' lang='lat' dir='ltr'>Et</span> <span class='ocrx_word' id='word_1_146' title='bbox 577 3130 720 3226; x_wconf 91' lang='lat' dir='ltr'>quando</span> <span class='ocrx_word' id='word_1_147' title='bbox 746 3130 792 3201; x_wconf 89' lang='lat' dir='ltr'>de</span> <span class='ocrx_word' id='word_1_148' title='bbox 825 3128 1051 3225; x_wconf 88' lang='lat' dir='ltr'>religionibus</span> <span class='ocrx_word' id='word_1_149' title='bbox 1079 3130 1300 3219; x_wconf 66' lang='lat' dir='ltr'>tradabatur,</span> 
     </span>
     <span class='ocr_line' id='line_1_23' title="bbox 331 3246 1303 3346; baseline 0 -24"><span class='ocrx_word' id='word_1_150' title='bbox 331 3250 480 3322; x_wconf 89' lang='lat' dir='ltr'>dilatum</span> <span class='ocrx_word' id='word_1_151' title='bbox 498 3274 609 3345; x_wconf 90' lang='lat' dir='ltr'>nuper</span> <span class='ocrx_word' id='word_1_152' title='bbox 636 3246 832 3346; x_wconf 88' lang='lat' dir='ltr'>responsum</span> <span class='ocrx_word' id='word_1_153' title='bbox 860 3249 1022 3322; x_wconf 79' lang='lat' dir='ltr'>adversita</span> <span class='ocrx_word' id='word_1_154' title='bbox 1039 3249 1197 3322; x_wconf 88' lang='lat' dir='ltr'>Servium</span> <span class='ocrx_word' id='word_1_155' title='bbox 1219 3252 1303 3323; x_wconf 84' lang='lat' dir='ltr'>Ma·</span> 
     </span>
     <span class='ocr_line' id='line_1_24' title="bbox 332 3368 1299 3468; baseline 0 -26"><span class='ocrx_word' id='word_1_156' title='bbox 332 3368 561 3468; x_wconf 83' lang='lat' dir='ltr'>luginensem,</span> <span class='ocrx_word' id='word_1_157' title='bbox 588 3369 765 3443; x_wconf 88' lang='lat' dir='ltr'>flaminem</span> <span class='ocrx_word' id='word_1_158' title='bbox 789 3368 942 3457; x_wconf 86' lang='lat' dir='ltr'>Dialem,</span> <span class='ocrx_word' id='word_1_159' title='bbox 969 3371 1136 3465; x_wconf 81' lang='lat' dir='ltr'>prompsit</span> <span class='ocrx_word' id='word_1_160' title='bbox 1164 3368 1299 3455; x_wconf 87' lang='lat' dir='ltr'>Caesar;</span> 
     </span>
     <span class='ocr_line' id='line_1_25' title="bbox 332 3487 1302 3587; baseline 0.001 -26"><span class='ocrx_word' id='word_1_161' title='bbox 332 3490 555 3587; x_wconf 89' lang='lat' dir='ltr'>recitavitque</span> <span class='ocrx_word' id='word_1_162' title='bbox 587 3491 768 3562; x_wconf 88' lang='lat' dir='ltr'>decretum</span> <span class='ocrx_word' id='word_1_163' title='bbox 805 3487 1038 3585; x_wconf 89' lang='lat' dir='ltr'>pontificum:</span> <span class='ocrx_word' id='word_1_164' title='bbox 1081 3495 1107 3529; x_wconf 91' lang='lat'><strong>“</strong></span> <span class='ocrx_word' id='word_1_165' title='bbox 1127 3488 1302 3586; x_wconf 78' lang='lat' dir='ltr'>Qsotiens</span> 
     </span>
     <span class='ocr_line' id='line_1_26' title="bbox 333 3607 1301 3698; baseline -0.002 -16"><span class='ocrx_word' id='word_1_166' title='bbox 333 3616 363 3652; x_wconf 75' lang='lat'>‘⁶</span> <span class='ocrx_word' id='word_1_167' title='bbox 379 3611 541 3683; x_wconf 82' lang='lat' dir='ltr'>valetudo</span> <span class='ocrx_word' id='word_1_168' title='bbox 554 3607 693 3682; x_wconf 87' lang='lat' dir='ltr'>adversa</span> <span class='ocrx_word' id='word_1_169' title='bbox 708 3608 884 3681; x_wconf 85' lang='lat' dir='ltr'>flaminem</span> <span class='ocrx_word' id='word_1_170' title='bbox 896 3608 1034 3681; x_wconf 85' lang='lat' dir='ltr'>Dialem</span> <span class='ocrx_word' id='word_1_171' title='bbox 1047 3609 1236 3698; x_wconf 83' lang='lat' dir='ltr'>inceffiffet,</span> <span class='ocrx_word' id='word_1_172' title='bbox 1246 3629 1301 3698; x_wconf 88' lang='lat' dir='ltr'>ut,</span> 
     </span>
     <span class='ocr_line' id='line_1_27' title="bbox 335 3727 1303 3825; baseline 0.001 -25"><span class='ocrx_word' id='word_1_173' title='bbox 335 3736 363 3771; x_wconf 91' lang='lat'><strong><em>“</em></strong></span> <span class='ocrx_word' id='word_1_174' title='bbox 381 3728 554 3825; x_wconf 84' lang='lat' dir='ltr'>pontilicis</span> <span class='ocrx_word' id='word_1_175' title='bbox 570 3728 715 3801; x_wconf 84' lang='lat' dir='ltr'>maximi</span> <span class='ocrx_word' id='word_1_176' title='bbox 734 3728 887 3818; x_wconf 77' lang='lat' dir='ltr'>amittio,</span> <span class='ocrx_word' id='word_1_177' title='bbox 915 3727 1095 3825; x_wconf 85' lang='lat' dir='ltr'>plusquam</span> <span class='ocrx_word' id='word_1_178' title='bbox 1111 3727 1303 3802; x_wconf 65' lang='lat' dir='ltr'>binodtiutn</span> 
     </span>
     <span class='ocr_line' id='line_1_28' title="bbox 334 3846 1303 3945; baseline 0.001 -26"><span class='ocrx_word' id='word_1_179' title='bbox 334 3854 362 3889; x_wconf 90' lang='lat'><strong><em>“</em></strong></span> <span class='ocrx_word' id='word_1_180' title='bbox 377 3849 528 3920; x_wconf 82' lang='lat' dir='ltr'>abesset:</span> <span class='ocrx_word' id='word_1_181' title='bbox 554 3847 641 3920; x_wconf 91' lang='lat' dir='ltr'>dum</span> <span class='ocrx_word' id='word_1_182' title='bbox 663 3873 706 3919; x_wconf 91' lang='lat' dir='ltr'>ne</span> <span class='ocrx_word' id='word_1_183' title='bbox 729 3847 851 3922; x_wconf 85' lang='lat' dir='ltr'>diebus</span> <span class='ocrx_word' id='word_1_184' title='bbox 880 3848 1010 3945; x_wconf 90' lang='lat' dir='ltr'>publici</span> <span class='ocrx_word' id='word_1_185' title='bbox 1040 3846 1206 3939; x_wconf 87' lang='lat' dir='ltr'>sacrificii,</span> <span class='ocrx_word' id='word_1_186' title='bbox 1233 3871 1303 3920; x_wconf 89' lang='lat' dir='ltr'>neu</span> 
     </span>
     <span class='ocr_line' id='line_1_29' title="bbox 334 3964 1299 4063; baseline 0 -25"><span class='ocrx_word' id='word_1_187' title='bbox 334 3972 361 4009; x_wconf 90' lang='lat'><strong>“</strong></span> <span class='ocrx_word' id='word_1_188' title='bbox 379 3964 498 4063; x_wconf 81' lang='lat' dir='ltr'>saepius</span> <span class='ocrx_word' id='word_1_189' title='bbox 515 3965 623 4063; x_wconf 68' lang='lat' dir='ltr'>quam</span> <span class='ocrx_word' id='word_1_190' title='bbox 647 3965 699 4040; x_wconf 82' lang='lat' dir='ltr'>bis</span> <span class='ocrx_word' id='word_1_191' title='bbox 727 3968 892 4043; x_wconf 89' lang='lat' dir='ltr'>eumdem</span> <span class='ocrx_word' id='word_1_192' title='bbox 914 3967 953 4041; x_wconf 82' lang='lat' dir='ltr'>in</span> <span class='ocrx_word' id='word_1_193' title='bbox 976 3969 1145 4042; x_wconf 85' lang='lat' dir='ltr'>annum.&#39;&#39;</span> <span class='ocrx_word' id='word_1_194' title='bbox 1193 3969 1299 4063; x_wconf 66' lang='lat' dir='ltr'>Quae,</span> 
     </span>
    </p>
   </div>
   <div class='ocr_carea' id='block_1_3' title="bbox 0 0 1498 5138">
    <p class='ocr_par' dir='ltr' id='par_1_4' title="bbox 0 0 1498 5138">
     <span class='ocr_line' id='line_1_30' title="bbox 0 0 1498 5138; baseline 0 0"><span class='ocrx_word' id='word_1_195' title='bbox 0 0 1498 5138; x_wconf 95' lang='lat' dir='ltr'> </span> 
     </span>
    </p>
   </div>
  </div>
 </body>
</html>
