<?xml version="1.0" encoding="UTF-8"?>
<!DOCTYPE html PUBLIC "-//W3C//DTD XHTML 1.0 Transitional//EN"
    "http://www.w3.org/TR/xhtml1/DTD/xhtml1-transitional.dtd">
<html xmlns="http://www.w3.org/1999/xhtml" xml:lang="en" lang="en">
 <head>
  <title>
</title>
<meta http-equiv="Content-Type" content="text/html;charset=utf-8" />
  <meta name='ocr-system' content='tesseract 3.04.00' />
  <meta name='ocr-capabilities' content='ocr_page ocr_carea ocr_par ocr_line ocrx_word'/>
</head>
<body>
  <div class='ocr_page' id='page_1' title='image "./ccorneliitaciti03ernegoog_0166.png"; bbox 0 0 2986 5138; ppageno 0'>
   <div class='ocr_carea' id='block_1_1' title="bbox 403 559 1153 660">
    <p class='ocr_par' dir='ltr' id='par_1_1' title="bbox 403 559 1153 660">
     <span class='ocr_line' id='line_1_1' title="bbox 403 559 1153 660; baseline 0.003 -26"><span class='ocrx_word' id='word_1_1' title='bbox 403 566 711 635; x_wconf 78' lang='lat' dir='ltr'>Anunsrtrn</span> <span class='ocrx_word' id='word_1_2' title='bbox 738 564 851 634; x_wconf 75' lang='lat' dir='ltr'>Lis.</span> <span class='ocrx_word' id='word_1_3' title='bbox 877 559 922 633; x_wconf 87' lang='lat'>11.</span> <span class='ocrx_word' id='word_1_4' title='bbox 1088 587 1153 660; x_wconf 86' lang='lat'>109</span> 
     </span>
    </p>
   </div>
   <div class='ocr_carea' id='block_1_2' title="bbox 178 734 1227 4050">
    <p class='ocr_par' dir='ltr' id='par_1_2' title="bbox 181 734 1157 2382">
     <span class='ocr_line' id='line_1_2' title="bbox 182 734 1155 831; baseline -0.002 -21"><span class='ocrx_word' id='word_1_5' title='bbox 182 734 286 810; x_wconf 88' lang='lat' dir='ltr'>sebat.</span> <span class='ocrx_word' id='word_1_6' title='bbox 344 741 371 778; x_wconf 92' lang='lat'><strong>“</strong></span> <span class='ocrx_word' id='word_1_7' title='bbox 389 739 445 810; x_wconf 89' lang='lat' dir='ltr'>De</span> <span class='ocrx_word' id='word_1_8' title='bbox 477 737 645 810; x_wconf 81' lang='lat' dir='ltr'>adulterio</span> <span class='ocrx_word' id='word_1_9' title='bbox 674 736 750 809; x_wconf 87' lang='lat' dir='ltr'>satis</span> <span class='ocrx_word' id='word_1_10' title='bbox 782 735 894 808; x_wconf 83' lang='lat' dir='ltr'>caveri</span> <span class='ocrx_word' id='word_1_11' title='bbox 928 736 1006 831; x_wconf 84' lang='lat' dir='ltr'>lege</span> <span class='ocrx_word' id='word_1_12' title='bbox 1039 736 1155 829; x_wconf 68' lang='lat' dir='ltr'>Julia&#39;&#39;</span> 
     </span>
     <span class='ocr_line' id='line_1_3' title="bbox 181 854 1155 953; baseline -0.001 -24"><span class='ocrx_word' id='word_1_13' title='bbox 181 854 305 929; x_wconf 71' lang='lat' dir='ltr'>visum·</span> <span class='ocrx_word' id='word_1_14' title='bbox 356 862 384 897; x_wconf 87' lang='lat'><strong>“</strong></span> <span class='ocrx_word' id='word_1_15' title='bbox 402 854 590 953; x_wconf 84' lang='lat' dir='ltr'>Majestatis</span> <span class='ocrx_word' id='word_1_16' title='bbox 606 856 735 927; x_wconf 84' lang='lat' dir='ltr'><strong>crimen</strong></span> <span class='ocrx_word' id='word_1_17' title='bbox 751 854 937 952; x_wconf 85' lang='lat' dir='ltr'>distingui&#39;’</span> <span class='ocrx_word' id='word_1_18' title='bbox 953 854 1062 927; x_wconf 82' lang='lat' dir='ltr'>Caesar</span> <span class='ocrx_word' id='word_1_19' title='bbox 1079 855 1155 952; x_wconf 89' lang='lat' dir='ltr'>pos-</span> 
     </span>
     <span class='ocr_line' id='line_1_4' title="bbox 182 975 1157 1072; baseline 0 -24"><span class='ocrx_word' id='word_1_20' title='bbox 182 975 335 1061; x_wconf 87' lang='lat' dir='ltr'>tulavit;</span> <span class='ocrx_word' id='word_1_21' title='bbox 371 981 400 1017; x_wconf 86' lang='lat'>“</span> <span class='ocrx_word' id='word_1_22' title='bbox 418 975 657 1071; x_wconf 89' lang='lat' dir='ltr'>damnarique,</span> <span class='ocrx_word' id='word_1_23' title='bbox 693 978 715 1046; x_wconf 84' lang='lat' dir='ltr'>si</span> <span class='ocrx_word' id='word_1_24' title='bbox 749 1001 818 1072; x_wconf 88' lang='lat' dir='ltr'>qua</span> <span class='ocrx_word' id='word_1_25' title='bbox 850 977 894 1047; x_wconf 89' lang='lat' dir='ltr'>de</span> <span class='ocrx_word' id='word_1_26' title='bbox 912 975 1072 1071; x_wconf 83' lang='lat' dir='ltr'>Augusto</span> <span class='ocrx_word' id='word_1_27' title='bbox 1104 977 1157 1048; x_wconf 85' lang='lat' dir='ltr'>in·</span> 
     </span>
     <span class='ocr_line' id='line_1_5' title="bbox 184 1091 1155 1192; baseline 0 -25"><span class='ocrx_word' id='word_1_28' title='bbox 184 1093 388 1192; x_wconf 70' lang='lat' dir='ltr'>“religiose</span> <span class='ocrx_word' id='word_1_29' title='bbox 416 1094 575 1166; x_wconf 86' lang='lat' dir='ltr'>dixisset:</span> <span class='ocrx_word' id='word_1_30' title='bbox 615 1093 651 1163; x_wconf 93' lang='lat' dir='ltr'>in</span> <span class='ocrx_word' id='word_1_31' title='bbox 686 1091 719 1164; x_wconf 91' lang='lat' dir='ltr'>se</span> <span class='ocrx_word' id='word_1_32' title='bbox 739 1091 845 1189; x_wconf 69' lang='lat' dir='ltr'>jada,</span> <span class='ocrx_word' id='word_1_33' title='bbox 875 1094 967 1164; x_wconf 91' lang='lat' dir='ltr'>nolle</span> <span class='ocrx_word' id='word_1_34' title='bbox 991 1094 1034 1165; x_wconf 89' lang='lat' dir='ltr'>ad</span> <span class='ocrx_word' id='word_1_35' title='bbox 1069 1120 1155 1192; x_wconf 87' lang='lat' dir='ltr'>cog-</span> 
     </span>
     <span class='ocr_line' id='line_1_6' title="bbox 184 1212 1157 1309; baseline 0.001 -23"><span class='ocrx_word' id='word_1_36' title='bbox 184 1218 214 1256; x_wconf 90' lang='lat'><strong><em>“</em></strong></span> <span class='ocrx_word' id='word_1_37' title='bbox 232 1213 400 1286; x_wconf 89' lang='lat' dir='ltr'>nitionem</span> <span class='ocrx_word' id='word_1_38' title='bbox 412 1213 565 1287; x_wconf 86' lang='lat' dir='ltr'>vocari.”</span> <span class='ocrx_word' id='word_1_39' title='bbox 590 1214 820 1309; x_wconf 82' lang='lat' dir='ltr'>Interrogatus</span> <span class='ocrx_word' id='word_1_40' title='bbox 837 1238 857 1282; x_wconf 86' lang='lat' dir='ltr'>a</span> <span class='ocrx_word' id='word_1_41' title='bbox 872 1212 1010 1284; x_wconf 89' lang='lat' dir='ltr'>consule</span> <span class='ocrx_word' id='word_1_42' title='bbox 1029 1215 1157 1309; x_wconf 89' lang='lat' dir='ltr'>“quid</span> 
     </span>
     <span class='ocr_line' id='line_1_7' title="bbox 185 1327 1157 1427; baseline 0.002 -23"><span class='ocrx_word' id='word_1_43' title='bbox 185 1337 214 1374; x_wconf 89' lang='lat'><strong>“</strong></span> <span class='ocrx_word' id='word_1_44' title='bbox 229 1332 275 1405; x_wconf 87' lang='lat' dir='ltr'>de</span> <span class='ocrx_word' id='word_1_45' title='bbox 296 1331 349 1404; x_wconf 87' lang='lat' dir='ltr'>his</span> <span class='ocrx_word' id='word_1_46' title='bbox 365 1330 525 1419; x_wconf 83' lang='lat' dir='ltr'>censeret,</span> <span class='ocrx_word' id='word_1_47' title='bbox 555 1357 633 1427; x_wconf 90' lang='lat' dir='ltr'>quae</span> <span class='ocrx_word' id='word_1_48' title='bbox 654 1332 699 1403; x_wconf 91' lang='lat' dir='ltr'>de</span> <span class='ocrx_word' id='word_1_49' title='bbox 723 1349 830 1402; x_wconf 86' lang='lat' dir='ltr'>matre</span> <span class='ocrx_word' id='word_1_50' title='bbox 847 1327 917 1426; x_wconf 83' lang='lat' dir='ltr'>ejus</span> <span class='ocrx_word' id='word_1_51' title='bbox 935 1333 1048 1403; x_wconf 89' lang='lat' dir='ltr'>locuta</span> <span class='ocrx_word' id='word_1_52' title='bbox 1063 1331 1157 1406; x_wconf 85' lang='lat' dir='ltr'>secus</span> 
     </span>
     <span class='ocr_line' id='line_1_8' title="bbox 185 1449 1155 1549; baseline 0.001 -25"><span class='ocrx_word' id='word_1_53' title='bbox 185 1457 213 1495; x_wconf 90' lang='lat'><strong>“</strong></span> <span class='ocrx_word' id='word_1_54' title='bbox 232 1452 471 1549; x_wconf 86' lang='lat' dir='ltr'>argueretur,”</span> <span class='ocrx_word' id='word_1_55' title='bbox 512 1449 670 1521; x_wconf 90' lang='lat' dir='ltr'>reticuit:</span> <span class='ocrx_word' id='word_1_56' title='bbox 713 1449 793 1521; x_wconf 90' lang='lat' dir='ltr'>dein</span> <span class='ocrx_word' id='word_1_57' title='bbox 831 1450 990 1545; x_wconf 87' lang='lat' dir='ltr'>proximo</span> <span class='ocrx_word' id='word_1_58' title='bbox 1023 1450 1155 1525; x_wconf 69' lang='lat' dir='ltr'>senatus</span> 
     </span>
     <span class='ocr_line' id='line_1_9' title="bbox 182 1568 1157 1667; baseline 0.002 -24"><span class='ocrx_word' id='word_1_59' title='bbox 182 1569 253 1662; x_wconf 88' lang='lat' dir='ltr'>die,</span> <span class='ocrx_word' id='word_1_60' title='bbox 282 1569 372 1665; x_wconf 77' lang='lat' dir='ltr'>illius</span> <span class='ocrx_word' id='word_1_61' title='bbox 388 1595 529 1667; x_wconf 89' lang='lat' dir='ltr'>quoque</span> <span class='ocrx_word' id='word_1_62' title='bbox 546 1569 686 1641; x_wconf 92' lang='lat' dir='ltr'>nomine</span> <span class='ocrx_word' id='word_1_63' title='bbox 708 1568 830 1656; x_wconf 84' lang='lat' dir='ltr'>oravit,</span> <span class='ocrx_word' id='word_1_64' title='bbox 861 1577 887 1610; x_wconf 93' lang='lat'><strong>“</strong></span> <span class='ocrx_word' id='word_1_65' title='bbox 906 1595 950 1642; x_wconf 89' lang='lat' dir='ltr'>ne</span> <span class='ocrx_word' id='word_1_66' title='bbox 973 1571 1027 1642; x_wconf 91' lang='lat' dir='ltr'>cui</span> <span class='ocrx_word' id='word_1_67' title='bbox 1049 1575 1157 1646; x_wconf 85' lang='lat' dir='ltr'>verba</span> 
     </span>
     <span class='ocr_line' id='line_1_10' title="bbox 187 1687 1155 1785; baseline 0.001 -23"><span class='ocrx_word' id='word_1_68' title='bbox 187 1689 372 1762; x_wconf 88' lang='lat' dir='ltr'>“ineam</span> <span class='ocrx_word' id='word_1_69' title='bbox 399 1714 545 1785; x_wconf 91' lang='lat' dir='ltr'>quoquo</span> <span class='ocrx_word' id='word_1_70' title='bbox 574 1688 683 1760; x_wconf 92' lang='lat' dir='ltr'>modo</span> <span class='ocrx_word' id='word_1_71' title='bbox 707 1687 825 1760; x_wconf 84' lang='lat' dir='ltr'>habita</span> <span class='ocrx_word' id='word_1_72' title='bbox 846 1688 982 1760; x_wconf 85' lang='lat' dir='ltr'>crimini</span> <span class='ocrx_word' id='word_1_73' title='bbox 1006 1689 1155 1763; x_wconf 88' lang='lat' dir='ltr'>sorent.&#39;’</span> 
     </span>
     <span class='ocr_line' id='line_1_11' title="bbox 182 1802 1155 1905; baseline 0.001 -23"><span class='ocrx_word' id='word_1_74' title='bbox 182 1807 431 1905; x_wconf 89' lang='lat' dir='ltr'>Liberavitque</span> <span class='ocrx_word' id='word_1_75' title='bbox 449 1806 636 1904; x_wconf 85' lang='lat' dir='ltr'>Apuleiam</span> <span class='ocrx_word' id='word_1_76' title='bbox 666 1808 743 1904; x_wconf 83' lang='lat' dir='ltr'>lege</span> <span class='ocrx_word' id='word_1_77' title='bbox 766 1802 947 1901; x_wconf 84' lang='lat' dir='ltr'>majestatis</span> <span class='ocrx_word' id='word_1_78' title='bbox 959 1836 970 1892; x_wconf 92' lang='lat'>;</span> <span class='ocrx_word' id='word_1_79' title='bbox 999 1810 1155 1883; x_wconf 88' lang='lat' dir='ltr'>adulterii</span> 
     </span>
     <span class='ocr_line' id='line_1_12' title="bbox 183 1928 1155 2028; baseline 0 -27"><span class='ocrx_word' id='word_1_80' title='bbox 183 1929 380 2028; x_wconf 86' lang='lat' dir='ltr'>graviorem</span> <span class='ocrx_word' id='word_1_81' title='bbox 413 1953 555 2024; x_wconf 86' lang='lat' dir='ltr'>poenam</span> <span class='ocrx_word' id='word_1_82' title='bbox 587 1928 801 2023; x_wconf 87' lang='lat' dir='ltr'>deprecatus,</span> <span class='ocrx_word' id='word_1_83' title='bbox 841 1932 868 1965; x_wconf 91' lang='lat'><strong>“</strong></span> <span class='ocrx_word' id='word_1_84' title='bbox 897 1946 949 2013; x_wconf 92' lang='lat' dir='ltr'>ut,</span> <span class='ocrx_word' id='word_1_85' title='bbox 992 1930 1155 2024; x_wconf 85' lang='lat' dir='ltr'>exemplo</span> 
     </span>
     <span class='ocr_line' id='line_1_13' title="bbox 183 2045 1154 2146; baseline -0.002 -24"><span class='ocrx_word' id='word_1_86' title='bbox 183 2057 210 2093; x_wconf 90' lang='lat'><strong>“</strong></span> <span class='ocrx_word' id='word_1_87' title='bbox 229 2047 415 2146; x_wconf 87' lang='lat' dir='ltr'>majorum,</span> <span class='ocrx_word' id='word_1_88' title='bbox 442 2045 647 2143; x_wconf 89' lang='lat' dir='ltr'>propinquis</span> <span class='ocrx_word' id='word_1_89' title='bbox 673 2045 737 2117; x_wconf 90' lang='lat' dir='ltr'>suis</span> <span class='ocrx_word' id='word_1_90' title='bbox 765 2047 855 2117; x_wconf 91' lang='lat' dir='ltr'>ultra</span> <span class='ocrx_word' id='word_1_91' title='bbox 882 2046 1154 2120; x_wconf 84' lang='lat' dir='ltr'>ducentesrmum</span> 
     </span>
     <span class='ocr_line' id='line_1_14' title="bbox 184 2163 1152 2264; baseline -0.002 -25"><span class='ocrx_word' id='word_1_92' title='bbox 184 2166 386 2264; x_wconf 88' lang='lat' dir='ltr'>“lapidem</span> <span class='ocrx_word' id='word_1_93' title='bbox 411 2166 669 2239; x_wconf 88' lang='lat' dir='ltr'>removeretur”</span> <span class='ocrx_word' id='word_1_94' title='bbox 697 2163 803 2237; x_wconf 80' lang='lat' dir='ltr'>suasit.</span> <span class='ocrx_word' id='word_1_95' title='bbox 854 2165 1028 2237; x_wconf 87' lang='lat' dir='ltr'>Adultero</span> <span class='ocrx_word' id='word_1_96' title='bbox 1046 2167 1152 2239; x_wconf 89' lang='lat' dir='ltr'>Man-</span> 
     </span>
     <span class='ocr_line' id='line_1_15' title="bbox 182 2283 902 2382; baseline -0.006 -24"><span class='ocrx_word' id='word_1_97' title='bbox 182 2285 228 2358; x_wconf 92' lang='lat' dir='ltr'>lio</span> <span class='ocrx_word' id='word_1_98' title='bbox 240 2286 336 2358; x_wconf 69' lang='lat' dir='ltr'>ltalia</span> <span class='ocrx_word' id='word_1_99' title='bbox 348 2304 452 2382; x_wconf 89' lang='lat' dir='ltr'>atque</span> <span class='ocrx_word' id='word_1_100' title='bbox 469 2283 588 2359; x_wconf 64' lang='lat' dir='ltr'>Africa</span> <span class='ocrx_word' id='word_1_101' title='bbox 604 2283 825 2357; x_wconf 71' lang='lat' dir='ltr'>interdictum</span> <span class='ocrx_word' id='word_1_102' title='bbox 844 2284 902 2356; x_wconf 89' lang='lat' dir='ltr'>est.</span> 
     </span>
    </p>

    <p class='ocr_par' dir='ltr' id='par_1_3' title="bbox 178 2400 1227 3694">
     <span class='ocr_line' id='line_1_16' title="bbox 226 2400 1147 2498; baseline 0.001 -21"><span class='ocrx_word' id='word_1_103' title='bbox 226 2406 289 2479; x_wconf 90' lang='lat' dir='ltr'>LI.</span> <span class='ocrx_word' id='word_1_104' title='bbox 314 2407 374 2477; x_wconf 76' lang='lat' dir='ltr'>De</span> <span class='ocrx_word' id='word_1_105' title='bbox 405 2427 593 2476; x_wconf 74' lang='lat' dir='ltr'>rnrerone</span> <span class='ocrx_word' id='word_1_106' title='bbox 633 2403 669 2474; x_wconf 94' lang='lat' dir='ltr'>in</span> <span class='ocrx_word' id='word_1_107' title='bbox 707 2404 825 2475; x_wconf 91' lang='lat' dir='ltr'>locum</span> <span class='ocrx_word' id='word_1_108' title='bbox 855 2400 1009 2498; x_wconf 91' lang='lat' dir='ltr'>Vipsanii</span> <span class='ocrx_word' id='word_1_109' title='bbox 1039 2405 1147 2496; x_wconf 88' lang='lat' dir='ltr'>Galli,</span> 
     </span>
     <span class='ocr_line' id='line_1_17' title="bbox 178 2521 1153 2621; baseline 0.001 -24"><span class='ocrx_word' id='word_1_110' title='bbox 178 2550 286 2621; x_wconf 88' lang='lat' dir='ltr'>quem</span> <span class='ocrx_word' id='word_1_111' title='bbox 319 2549 413 2597; x_wconf 90' lang='lat' dir='ltr'>mors</span> <span class='ocrx_word' id='word_1_112' title='bbox 445 2522 641 2610; x_wconf 87' lang='lat' dir='ltr'>abstulerat,</span> <span class='ocrx_word' id='word_1_113' title='bbox 698 2521 932 2618; x_wconf 84' lang='lat' dir='ltr'>subrogand0,</span> <span class='ocrx_word' id='word_1_114' title='bbox 980 2545 1153 2597; x_wconf 89' lang='lat' dir='ltr'>certamen</span> 
     </span>
     <span class='ocr_line' id='line_1_18' title="bbox 182 2629 1156 2738; baseline 0 -23"><span class='ocrx_word' id='word_1_115' title='bbox 182 2642 319 2715; x_wconf 79' lang='lat' dir='ltr'>incessit.</span> <span class='ocrx_word' id='word_1_116' title='bbox 370 2641 597 2715; x_wconf 87' lang='lat' dir='ltr'>Germanicus</span> <span class='ocrx_word' id='word_1_117' title='bbox 625 2660 731 2738; x_wconf 88' lang='lat' dir='ltr'>atque</span> <span class='ocrx_word' id='word_1_118' title='bbox 757 2629 888 2713; x_wconf 86' lang='lat' dir='ltr'>Drusus</span> <span class='ocrx_word' id='word_1_119' title='bbox 918 2646 1017 2736; x_wconf 87' lang='lat' dir='ltr'>(nam</span> <span class='ocrx_word' id='word_1_120' title='bbox 1050 2643 1156 2715; x_wconf 87' lang='lat' dir='ltr'>etiam</span> 
     </span>
     <span class='ocr_line' id='line_1_19' title="bbox 182 2760 1153 2858; baseline -0.007 -24"><span class='ocrx_word' id='word_1_121' title='bbox 182 2781 259 2834; x_wconf 91' lang='lat' dir='ltr'>tum</span> <span class='ocrx_word' id='word_1_122' title='bbox 284 2765 409 2834; x_wconf 89' lang='lat' dir='ltr'>Romae</span> <span class='ocrx_word' id='word_1_123' title='bbox 431 2763 546 2853; x_wconf 90' lang='lat' dir='ltr'>erant)</span> <span class='ocrx_word' id='word_1_124' title='bbox 572 2760 760 2832; x_wconf 89' lang='lat' dir='ltr'>Haterium</span> <span class='ocrx_word' id='word_1_125' title='bbox 785 2760 984 2856; x_wconf 86' lang='lat' dir='ltr'>Agrippam</span> <span class='ocrx_word' id='word_1_126' title='bbox 1009 2761 1153 2858; x_wconf 74' lang='lat' dir='ltr'>propin.</span> 
     </span>
     <span class='ocr_line' id='line_1_20' title="bbox 186 2878 1158 2978; baseline -0.002 -24"><span class='ocrx_word' id='word_1_127' title='bbox 186 2908 298 2978; x_wconf 91' lang='lat' dir='ltr'>quum</span> <span class='ocrx_word' id='word_1_128' title='bbox 317 2880 517 2955; x_wconf 84' lang='lat' dir='ltr'>Germanici</span> <span class='ocrx_word' id='word_1_129' title='bbox 535 2878 722 2952; x_wconf 86' lang='lat' dir='ltr'>fovebant:</span> <span class='ocrx_word' id='word_1_130' title='bbox 750 2881 871 2951; x_wconf 70' lang='lat' dir='ltr'>contra</span> <span class='ocrx_word' id='word_1_131' title='bbox 895 2880 1048 2977; x_wconf 91' lang='lat' dir='ltr'>plerique</span> <span class='ocrx_word' id='word_1_132' title='bbox 1072 2881 1158 2952; x_wconf 89' lang='lat' dir='ltr'>nite-</span> 
     </span>
     <span class='ocr_line' id='line_1_21' title="bbox 183 2997 1155 3094; baseline -0.004 -18"><span class='ocrx_word' id='word_1_133' title='bbox 183 3003 321 3091; x_wconf 89' lang='lat' dir='ltr'>bantur,</span> <span class='ocrx_word' id='word_1_134' title='bbox 350 3022 389 3073; x_wconf 91' lang='lat' dir='ltr'>ut</span> <span class='ocrx_word' id='word_1_135' title='bbox 412 3025 574 3073; x_wconf 87' lang='lat' dir='ltr'>numerus</span> <span class='ocrx_word' id='word_1_136' title='bbox 592 2999 779 3072; x_wconf 90' lang='lat' dir='ltr'>liberorum</span> <span class='ocrx_word' id='word_1_137' title='bbox 800 2997 836 3068; x_wconf 93' lang='lat' dir='ltr'>in</span> <span class='ocrx_word' id='word_1_138' title='bbox 859 2997 1047 3070; x_wconf 86' lang='lat' dir='ltr'>candidatis</span> <span class='ocrx_word' id='word_1_139' title='bbox 1069 3025 1155 3094; x_wconf 86' lang='lat' dir='ltr'>prae·</span> 
     </span>
     <span class='ocr_line' id='line_1_22' title="bbox 181 3117 1227 3218; baseline 0.004 -26"><span class='ocrx_word' id='word_1_140' title='bbox 181 3123 337 3218; x_wconf 93' lang='lat' dir='ltr'>polleret,</span> <span class='ocrx_word' id='word_1_141' title='bbox 369 3120 467 3216; x_wconf 90' lang='lat' dir='ltr'>quod</span> <span class='ocrx_word' id='word_1_142' title='bbox 484 3120 542 3191; x_wconf 86' lang='lat' dir='ltr'>lex</span> <span class='ocrx_word' id='word_1_143' title='bbox 549 3117 706 3214; x_wconf 88' lang='lat' dir='ltr'>jubebat.</span> <span class='ocrx_word' id='word_1_144' title='bbox 757 3120 957 3190; x_wconf 86' lang='lat' dir='ltr'>Laerabatur</span> <span class='ocrx_word' id='word_1_145' title='bbox 971 3117 1148 3207; x_wconf 90' lang='lat' dir='ltr'>Tiberius,</span> <span class='ocrx_word' id='word_1_146' title='bbox 1216 3184 1227 3196; x_wconf 80' lang='grc'>.</span> 
     </span>
     <span class='ocr_line' id='line_1_23' title="bbox 182 3234 1154 3335; baseline -0.005 -24"><span class='ocrx_word' id='word_1_147' title='bbox 182 3240 264 3312; x_wconf 72' lang='lat' dir='ltr'>curn</span> <span class='ocrx_word' id='word_1_148' title='bbox 283 3238 371 3310; x_wconf 88' lang='lat' dir='ltr'>inter</span> <span class='ocrx_word' id='word_1_149' title='bbox 387 3237 476 3310; x_wconf 90' lang='lat' dir='ltr'>filios</span> <span class='ocrx_word' id='word_1_150' title='bbox 504 3236 575 3335; x_wconf 88' lang='lat' dir='ltr'>ejus</span> <span class='ocrx_word' id='word_1_151' title='bbox 602 3243 634 3309; x_wconf 86' lang='lat'>&amp;</span> <span class='ocrx_word' id='word_1_152' title='bbox 657 3239 750 3334; x_wconf 86' lang='lat' dir='ltr'>leges</span> <span class='ocrx_word' id='word_1_153' title='bbox 770 3234 902 3309; x_wconf 87' lang='lat' dir='ltr'>senatus</span> <span class='ocrx_word' id='word_1_154' title='bbox 927 3235 1154 3332; x_wconf 72' lang='lat' dir='ltr'>disceptaret,</span> 
     </span>
     <span class='ocr_line' id='line_1_24' title="bbox 182 3355 1154 3451; baseline -0.004 -20"><span class='ocrx_word' id='word_1_155' title='bbox 182 3359 274 3431; x_wconf 72' lang='lat' dir='ltr'>vista</span> <span class='ocrx_word' id='word_1_156' title='bbox 304 3358 353 3430; x_wconf 90' lang='lat' dir='ltr'>est</span> <span class='ocrx_word' id='word_1_157' title='bbox 388 3361 456 3430; x_wconf 84' lang='lat' dir='ltr'>fine</span> <span class='ocrx_word' id='word_1_158' title='bbox 487 3357 597 3430; x_wconf 90' lang='lat' dir='ltr'>dubio</span> <span class='ocrx_word' id='word_1_159' title='bbox 629 3358 709 3428; x_wconf 88' lang='lat' dir='ltr'>lex:</span> <span class='ocrx_word' id='word_1_160' title='bbox 736 3355 795 3427; x_wconf 91' lang='lat' dir='ltr'>sed</span> <span class='ocrx_word' id='word_1_161' title='bbox 822 3380 935 3451; x_wconf 90' lang='lat' dir='ltr'>neque</span> <span class='ocrx_word' id='word_1_162' title='bbox 962 3355 1088 3443; x_wconf 87' lang='lat' dir='ltr'>statim,</span> <span class='ocrx_word' id='word_1_163' title='bbox 1120 3361 1154 3427; x_wconf 76' lang='grc' dir='ltr'>δι</span> 
     </span>
     <span class='ocr_line' id='line_1_25' title="bbox 182 3473 1153 3575; baseline -0.004 -25"><span class='ocrx_word' id='word_1_164' title='bbox 182 3477 299 3574; x_wconf 87' lang='lat' dir='ltr'>paucis</span> <span class='ocrx_word' id='word_1_165' title='bbox 323 3476 515 3575; x_wconf 83' lang='lat' dir='ltr'>suffragiis:</span> <span class='ocrx_word' id='word_1_166' title='bbox 542 3475 735 3573; x_wconf 89' lang='lat' dir='ltr'>quomodo,</span> <span class='ocrx_word' id='word_1_167' title='bbox 763 3473 867 3546; x_wconf 90' lang='lat' dir='ltr'>etiam</span> <span class='ocrx_word' id='word_1_168' title='bbox 885 3474 966 3546; x_wconf 76' lang='lat' dir='ltr'>edm</span> <span class='ocrx_word' id='word_1_169' title='bbox 988 3474 1153 3565; x_wconf 84' lang='lat' dir='ltr'>valerent,</span> 
     </span>
     <span class='ocr_line' id='line_1_26' title="bbox 182 3595 532 3694; baseline -0.003 -27"><span class='ocrx_word' id='word_1_170' title='bbox 182 3598 276 3694; x_wconf 83' lang='lat' dir='ltr'>leges</span> <span class='ocrx_word' id='word_1_171' title='bbox 293 3595 532 3669; x_wconf 88' lang='lat' dir='ltr'>vincebantur.</span> 
     </span>
    </p>

    <p class='ocr_par' dir='ltr' id='par_1_4' title="bbox 180 3712 1154 4050">
     <span class='ocr_line' id='line_1_27' title="bbox 228 3712 1152 3810; baseline -0.002 -23"><span class='ocrx_word' id='word_1_172' title='bbox 228 3717 310 3787; x_wconf 90' lang='lat' dir='ltr'><strong>LII.</strong></span> <span class='ocrx_word' id='word_1_173' title='bbox 336 3719 481 3788; x_wconf 71' lang='lat' dir='ltr'>Eoum</span> <span class='ocrx_word' id='word_1_174' title='bbox 506 3741 597 3788; x_wconf 87' lang='lat' dir='ltr'>anno</span> <span class='ocrx_word' id='word_1_175' title='bbox 626 3733 783 3810; x_wconf 87' lang='lat' dir='ltr'>coeptum</span> <span class='ocrx_word' id='word_1_176' title='bbox 805 3713 841 3786; x_wconf 93' lang='lat' dir='ltr'>in</span> <span class='ocrx_word' id='word_1_177' title='bbox 870 3712 989 3788; x_wconf 62' lang='lat' dir='ltr'>Africa</span> <span class='ocrx_word' id='word_1_178' title='bbox 1005 3715 1152 3803; x_wconf 90' lang='lat' dir='ltr'>bellum,</span> 
     </span>
     <span class='ocr_line' id='line_1_28' title="bbox 180 3832 1154 3919; baseline -0.002 -14"><span class='ocrx_word' id='word_1_179' title='bbox 180 3835 270 3906; x_wconf 91' lang='lat' dir='ltr'>duce</span> <span class='ocrx_word' id='word_1_180' title='bbox 285 3834 437 3907; x_wconf 89' lang='lat' dir='ltr'>hostium</span> <span class='ocrx_word' id='word_1_181' title='bbox 452 3832 691 3907; x_wconf 86' lang='lat' dir='ltr'>Tacfarinate:</span> <span class='ocrx_word' id='word_1_182' title='bbox 722 3833 750 3906; x_wconf 92' lang='lat' dir='ltr'>is</span> <span class='ocrx_word' id='word_1_183' title='bbox 767 3834 904 3906; x_wconf 89' lang='lat' dir='ltr'>natione</span> <span class='ocrx_word' id='word_1_184' title='bbox 921 3833 1093 3919; x_wconf 87' lang='lat' dir='ltr'>Numida,</span> <span class='ocrx_word' id='word_1_185' title='bbox 1117 3832 1154 3904; x_wconf 93' lang='lat' dir='ltr'>in</span> 
     </span>
     <span class='ocr_line' id='line_1_29' title="bbox 181 3951 1153 4050; baseline -0.005 -23"><span class='ocrx_word' id='word_1_186' title='bbox 181 3953 294 4027; x_wconf 83' lang='lat' dir='ltr'>eastris</span> <span class='ocrx_word' id='word_1_187' title='bbox 312 3953 482 4029; x_wconf 86' lang='lat' dir='ltr'>Romanis</span> <span class='ocrx_word' id='word_1_188' title='bbox 498 3951 676 4027; x_wconf 83' lang='lat' dir='ltr'>auxiliaria</span> <span class='ocrx_word' id='word_1_189' title='bbox 691 3951 862 4050; x_wconf 88' lang='lat' dir='ltr'>stipendia</span> <span class='ocrx_word' id='word_1_190' title='bbox 882 3951 1038 4043; x_wconf 89' lang='lat' dir='ltr'>meritus,</span> <span class='ocrx_word' id='word_1_191' title='bbox 1067 3975 1153 4023; x_wconf 86' lang='lat' dir='ltr'>mox</span> 
     </span>
    </p>
   </div>
   <div class='ocr_carea' id='block_1_3' title="bbox 0 0 1498 5138">
    <p class='ocr_par' dir='ltr' id='par_1_5' title="bbox 0 0 1498 5138">
     <span class='ocr_line' id='line_1_30' title="bbox 0 0 1498 5138; baseline 0 0"><span class='ocrx_word' id='word_1_192' title='bbox 0 0 1498 5138; x_wconf 95' lang='lat' dir='ltr'> </span> 
     </span>
    </p>
   </div>
  </div>
 </body>
</html>
