2986 5138
395 585 702 655 Austrum
736 580 930 654 Lrn.lV.
1102 606 1172 678 209

205 761 233 797 “
250 757 348 845 bam,
367 754 578 828 fecunditate
595 752 791 842 subnixam,
810 751 1034 848 popularibus
1055 749 1174 824 studiis

204 879 232 913 “
250 872 381 945 inhiare
397 872 670 961 dominationi,”
686 872 781 967 apud
797 868 966 943 Caesarem
979 887 1171 968 arguerent.

205 995 325 1087 Atque
347 993 420 1063 haec
437 990 567 1063 callidis
584 989 882 1063 criminatoribus:
906 989 994 1061 inter
1012 1015 1099 1086 quos
1115 990 1178 1060 de·

204 1109 332 1205 legerat
361 1109 497 1203 Julinm
515 1109 734 1198 Postumum,
760 1135 820 1205 per
837 1106 1044 1180 adulterium
1062 1105 1176 1179 Muti-

203 1228 258 1301 liae
275 1227 397 1301 Priscae
415 1229 504 1303 inter
520 1228 660 1300 intimos
677 1228 779 1318 aviae‚
798 1225 991 1301 &consiliis
1011 1225 1078 1298 suis
1100 1249 1178 1321 per-

204 1347 390 1419 idoneum:
418 1346 499 1444 qnia
515 1334 639 1436 Prisca,
658 1347 694 1418 in
711 1346 827 1419 animo
839 1343 1010 1442 Augustae
1046 1342 1176 1432 valida,

207 1492 328 1556 anum,
356 1466 474 1561 sulpte
491 1468 608 1538 natur&
636 1464 796 1562 potentiae
822 1463 976 1552 anxiam,
1000 1460 1180 1536 insociabi-
1241 1546 1243 1559 ἱ

207 1583 276 1654 lem
295 1583 396 1656 nurui
423 1584 603 1657 efficiebat.
655 1558 863 1680 Agrippinae
890 1606 1032 1678 quoque
1060 1581 1181 1676 proxi*

210 1700 260 1773 mi
289 1700 544 1791 inliciebantur,
574 1703 686 1799 pravis
713 1700 924 1775 sermonibus
940 1699 1093 1774 tumidos
1112 1698 1178 1799 spi-

209 1819 296 1893 ritus
321 1821 565 1917 perstimulare.

257 1940 356 2011 Xlll.
396 1945 455 2014 Ar
489 1942 703 2029 Trsnnrus,
735 1939 821 2012 nihil
853 1936 1041 2011 intermissa
1068 1963 1183 2011 rerum

209 2061 304 2147 curd,
333 2059 472 2156 negotia
500 2087 565 2156 pro
597 2058 724 2132 solatiis
740 2057 927 2154 accipiens,
951 2054 1009 2153 jus
1034 2056 1181 2146 civium,
1255 2099 1264 2123 r

210 2201 329 2272 preces
345 2175 518 2252 sociorum
535 2181 709 2252 tradabat.
760 2180 949 2272 Fadaque,
969 2177 1108 2248 auctore
1124 2201 1181 2264 e0‚

209 2294 505 2388 senatusconsulta,
549 2304 576 2340 “
593 2316 632 2368 ut
670 2294 800 2369 civitati
839 2294 1045 2390 Cibyraticae
1090 2293 1185 2388 apud

212 2420 241 2456 ‘⁶
261 2417 392 2504 Afiam,
433 2415 589 2513 AEgiensr
623 2415 718 2511 apud
750 2413 924 2487 Achaiam
951 2432 1051 2485 motu
1084 2431 1183 2483 terrae

209 2540 237 2576 ‘⁴
257 2531 444 2622 labefactis,
484 2534 724 2608 subveniretur
762 2532 953 2606 remiffione
995 2531 1114 2604 tributi
1146 2530 1184 2604 in

212 2659 240 2694 “
259 2640 483 2723 triennium.”
535 2656 580 2724 Et
597 2653 719 2725 Vibius
735 2654 892 2741 Serenus,
927 2649 1108 2748 proconsul
1131 2652 1184 2723 nl-

212 2769 341 2841 terioris
371 2769 563 2865 Hispaniae,
599 2771 644 2841 de
671 2771 707 2841 vi
737 2770 877 2865 publici
908 2771 1105 2860 damnatus,
1135 2771 1184 2843 ob

213 2887 430 2960 atrocitatem
459 2913 613 2976 morum,
655 2887 692 2959 in
723 2885 868 2961 insulam
893 2894 1095 2986 Amorgum
1123 2889 1185 2962 de-

214 3027 380 3104 portatur.
429 3004 599 3080 Carsidius
612 3006 789 3095 Sacerdos,
806 3033 895 3097 reus,
914 3028 1096 3103 tamquam
1113 3006 1185 3080 fru-

214 3142 334 3197 mento
364 3123 495 3196 hostem
512 3122 767 3196 Tacfarinatem
788 3122 944 3222 juvisset,
972 3123 1183 3211 absolvitur3

216 3242 438 3342 ejusdemque
466 3241 622 3315 criminis
649 3243 691 3314 C.
726 3245 888 3315 Graccus.
939 3246 1051 3316 Hunc
1074 3245 1184 3316 comi·

215 3384 285 3435 tem
302 3360 408 3435 exfilii
427 3361 620 3432 admodum
637 3359 819 3453 infantem,
848 3382 944 3458 pater
960 3362 1186 3455 Sempronius

216 3482 253 3553 in
278 3478 423 3552 insulam
451 3477 633 3551 Cercinam
650 3480 785 3552 tulerat.
836 3479 912 3552 lllic
941 3480 1079 3551 adultus
1101 3481 1189 3555 inter

217 3621 380 3686 extorres,
412 3602 445 3669 sc
475 3595 668 3669 liberalium
695 3597 820 3669 artium
849 3597 992 3687 nescios,
1022 3623 1107 3671 mox
1126 3627 1189 3697 per

216 3717 375 3791 Africam
392 3741 432 3787 ac
449 3713 601 3788 Siciliam
618 3716 785 3787 mutando
801 3715 957 3787 sordidas
974 3741 1103 3790 merces
1119 3717 1186 3792 sus-

215 3838 432 3908 tentabatur:
474 3859 538 3906 nec
565 3852 681 3905 tamen
711 3835 834 3933 effugit
867 3861 1006 3933 magnae
1040 3833 1187 3912 fortunae

217 3954 380 4061 pericula.
431 3957 487 4027 Ac
515 3951 551 4024 ni
578 3951 696 4026 AElius
719 3953 905 4044 Lamia,&
929 3957 976 4028 L.
994 3956 1187 4052 Apronius,

688 4071 717 4145 P
