2986 5138
469 575 764 646 nnuman
791 575 900 646 Lrs.
925 575 986 646 Vl.
1165 574 1238 673 283

262 742 455 819 inlustrium
496 746 664 837 virorum,
715 774 839 847 expers
881 751 981 823 erat?
1031 751 1065 822 ni
1107 750 1238 840 Celsus,

262 868 414 941 Urbunae
453 867 602 940 cohortis
640 868 810 958 tribunus,
854 890 931 942 turn
972 867 1060 941 inter
1092 869 1238 959 indices,

264 985 426 1082 Appium
453 986 692 1058 &Calvisium
716 986 901 1060 discrimini
925 988 1113 1061 exemisset.
1163 990 1240 1061 Cae·

261 1102 312 1177 sar
335 1104 515 1194 Pollionis,
545 1131 587 1178 ac
603 1105 788 1195 Viniciani,
817 1107 1004 1203 Scaurique
1026 1106 1176 1195 causam,
1202 1126 1240 1178 ut

262 1223 334 1320 ipse
355 1250 437 1298 cum
460 1223 574 1297 senatu
603 1226 768 1316 nosceret,
799 1226 954 1311 distulit3
989 1225 1076 1298 datis
1101 1224 1240 1323 quibus-

263 1345 346 1417 dam
365 1344 399 1415 in
416 1347 581 1417 Scaurum
599 1345 748 1418 tristibus
765 1345 867 1418 notis.

310 1467 359 1538 X.
386 1467 449 1536 Ne
471 1486 636 1536 FEanAE
654 1465 798 1561 quidem
816 1463 963 1538 exsortes
982 1465 1150 1562 periculi:
1171 1465 1241 1561 qud

264 1584 479 1680 occupandae
508 1582 706 1680 reipublicae
723 1585 822 1682 argui
840 1611 912 1658 non
928 1605 1098 1682 poterant,
1128 1587 1175 1657 ob
1193 1587 1242 1657 la·

263 1701 388 1775 crimas
418 1700 685 1776 incusabantur:
723 1726 913 1801 necataque
942 1706 990 1777 est
1016 1731 1099 1778 anus
1133 1704 1240 1794 Vitia,

261 1821 354 1896 Fufii
385 1821 527 1893 Gemini
557 1842 678 1912 mater,
708 1823 804 1920 quod
839 1825 901 1896 filii
926 1850 1048 1897 necem
1083 1824 1240 1898 flevisset.

261 1943 355 2015 Haec
377 1941 472 2036 apud
495 1939 674 2014 senatum:
703 1968 766 2015 nec
792 1941 886 2016 secus
910 1944 1002 2040 apud
1025 1943 1237 2039 Principem,

259 2058 475 2133 Vescularius
504 2060 657 2150 Atticus,
684 2088 723 2134 ac
751 2062 865 2156 Julius
886 2062 1045 2135 Marinus
1073 2063 1118 2134 ad
1145 2087 1238 2134 mor-

257 2199 330 2253 tem
347 2199 511 2277 aguntur,
535 2205 554 2251 e
576 2180 803 2254 vetustissimis
832 2180 1051 2254 familiarium
1063 2182 1238 2255 Rhodum

260 2297 380 2389 secuti,
415 2301 563 2398 &apud
597 2302 747 2397 Capreas
777 2300 961 2374 individui.
1013 2299 1237 2391 Vescularius,

258 2418 459 2492 insidiarum
477 2421 513 2492 in
527 2421 703 2494 Libonem
720 2420 973 2493 internuntius:
1000 2421 1141 2495 Marino
1157 2447 1235 2518 par·

257 2539 373 2636 ticipe,
395 2538 535 2637 Sejanus
551 2541 712 2613 Curtium
727 2540 888 2614 Atticum
905 2542 1136 2636 oppresserat:
1166 2540 1237 2638 qud

261 2659 371 2730 laetibs
398 2681 595 2755 acceptum,
623 2659 681 2732 sua
702 2663 863 2756 exempla
885 2659 920 2730 in
949 2656 1158 2733 consultores
1185 2686 1238 2733 re-

260 2777 387 2849 cidisse.
436 2779 611 2850 Periclem
637 2798 775 2875 tempus
799 2782 844 2850 L.
866 2778 958 2868 Piso,
986 2777 1157 2875 pontifex,
1184 2802 1236 2851 ra·

259 2923 338 2970 rum
368 2896 404 2966 in
433 2898 528 2967 tantas
551 2896 766 2986 claritudine,
792 2896 863 2969 sato
886 2896 998 2969 obiit:
1026 2898 1155 2970 nullius
1172 2897 1235 2970 ser-

258 3015 337 3088 vilis
362 3014 537 3089 sententia:
554 3015 674 3112 sponte
697 3018 831 3104 audior,
862 3017 1073 3113 &quotiens
1097 3021 1234 3089 necessr-

256 3155 307 3208 tas
335 3135 525 3232 ingrueret,
569 3135 736 3232 sapienter
766 3136 961 3208 moderans.
1036 3138 1174 3209 Patrem
1203 3137 1235 3209 ei

257 3253 447 3328 censorium
464 3254 563 3328 fuisse
581 3255 796 3327 memoravi:
827 3276 906 3328 aetas
924 3256 969 3326 ad
986 3257 1236 3352 odogesrmum

261 3399 393 3447 annum
427 3378 603 3471 processit:
643 3377 750 3448 decus
780 3375 988 3471 triumphale
1020 3375 1055 3446 in
1086 3375 1239 3448 Thracis

259 3514 454 3567 meruerat:
483 3492 539 3567 sed
564 3494 739 3591 praecipua
756 3518 800 3566 ex
817 3519 858 3567 eo
877 3494 1003 3592 gloria,
1027 3493 1123 3590 quod
1147 3520 1233 3589 prae·

258 3612 368 3687 festus
386 3613 477 3688 Urbi
493 3614 624 3702 recens,
639 3614 840 3686 continuam
859 3614 1080 3710 potestatem,
1100 3614 1234 3687 &inso-

254 3734 358 3807 lentis
383 3735 524 3831 parendi
544 3732 751 3831 graviorem,
779 3732 863 3805 mire
891 3733 1110 3829 temperavit.

304 3855 369 3926 Xl.
395 3858 578 3939 Ninum
609 3873 720 3942 antea,
755 3851 915 3949 prosedis
939 3855 1047 3925 domo
1075 3853 1232 3950 regibus,

254 3995 295 4043 ac
311 3997 397 4045 mox
421 3972 686 4071 magistratibus,
705 3998 749 4045 ne
765 3975 863 4046 Urbs
881 3976 949 4045 fine
965 3972 1111 4070 imperio
1128 3972 1232 4065 soret,
