2986 5138
251 585 253 589 Α
335 569 402 642 170
547 544 1130 619 CConnsarrTactrr

328 717 385 796 cul
403 715 605 811 praesrdium.
657 717 955 813 Augustodunum
972 735 1074 812 caput
1091 713 1218 812 gentis,
1248 743 1307 791 ar·

331 834 429 906 matis
447 834 658 924 cohortibus,
689 835 846 908 Sacrovir
869 855 1114 931 occupaverat,
1144 840 1177 911 a
1202 835 1307 911 nobi·

330 950 487 1024 liffirnam
504 952 697 1025 Galliarum
714 952 883 1044 subolem,
913 953 1107 1027 liberalibus
1120 952 1240 1027 studiis
1253 953 1306 1029 ibi

329 1092 519 1166 operatam,
545 1091 584 1143 ut
610 1095 652 1143 eo
680 1071 826 1168 pignore
849 1092 1005 1168 parentes
1023 1071 1307 1169 propinquosque

328 1214 447 1262 eorum
474 1188 701 1286 adjungeret:
738 1191 835 1262 simul
859 1216 953 1262 arma
977 1189 1112 1262 occulte
1138 1189 1307 1265 fabricata

321 1303 497 1402 juventuti
506 1307 670 1404 dispertit.
703 1307 941 1406 Qadraginta
954 1307 1061 1381 millia
1072 1308 1181 1398 suere,
1200 1309 1305 1405 quin-

327 1431 362 1500 tal
377 1426 425 1499 sui
450 1448 544 1524 parte
567 1427 761 1524 legionariis
782 1427 899 1515 armis,
932 1426 1035 1498 ceteri
1051 1452 1132 1498 cum
1148 1428 1306 1500 venabu-

328 1546 369 1635 lis
388 1552 421 1617 δι
439 1545 567 1634 cultris,
587 1570 735 1642 quaeque
747 1545 813 1617 alia
826 1545 1030 1617 venantibus
1042 1547 1110 1617 tela
1122 1544 1221 1618 sunt:
1239 1547 1305 1619 ad·

328 1665 458 1737 duntur
469 1690 488 1736 e
498 1663 640 1736 servitiis
651 1663 851 1760 gladiaturae
862 1662 1034 1752 destinati,
1047 1663 1186 1759 quibus,
1204 1691 1305 1739 more

329 1783 482 1881 gentico,
527 1782 731 1855 continuum
762 1781 843 1854 ferri
882 1781 1034 1877 tegimen
1075 1782 1306 1880 (Crupellarios

327 1904 473 1996 vocant)
508 1899 693 1974 inferendis
721 1900 846 1972 istibus
875 1899 1056 1989 inhabiles,
1091 1901 1304 1999 accipiendis

327 2019 615 2117 impenetrabiles.
666 2022 897 2117 Augebantur
929 2020 982 2093 hae
1014 2019 1136 2115 copia,
1170 2020 1304 2095 vicina·

327 2165 405 2212 tum
421 2140 602 2212 civitatum
625 2161 663 2211 ut
685 2139 842 2210 nondum
867 2141 982 2233 aperta
1010 2136 1240 2229 consensione,
1258 2141 1306 2215 ita

326 2259 456 2332 viritim
493 2257 663 2355 promptis
698 2256 832 2345 studiis,
876 2262 909 2329 δι
945 2256 1132 2329 certamine
1169 2257 1304 2333 ducum

328 2381 589 2465 Rornanorum,
626 2401 713 2472 quos
741 2375 826 2447 inter
852 2375 1118 2472 ambigebatur3
1152 2395 1304 2475 utroque

241 2510 247 2521 ’
327 2497 459 2567 bellum
471 2494 531 2567 srbi
549 2491 721 2589 poscente.
770 2495 864 2565 Mox
878 2495 987 2565 Varro
1004 2493 1174 2567 invalidus
1188 2493 1304 2573 senec-

325 2616 373 2701 tal,
399 2611 532 2708 vigenti
548 2610 630 2683 Silio
647 2613 819 2684 concessit.

375 2733 507 2802 XLlV.
535 2733 593 2801 Ar
624 2732 757 2802 Ronrrn
787 2737 814 2770 “
833 2756 903 2801 non
929 2732 1101 2803 Treveros
1129 2733 1238 2804 modb
1268 2737 1303 2807 δι

327 2857 354 2893 “
373 2850 524 2937 AEduos‚
543 2848 599 2921 sed
614 2854 804 2943 quatuor&
820 2847 996 2945 sexaginta
1009 2850 1198 2924 Galliarum
1217 2853 1302 2933 civi·

327 2978 354 3013 “
373 2991 458 3040 tates
483 2966 671 3055 descivisse,
705 2966 903 3062 adsumptos
931 2966 967 3037 in
995 2965 1188 3043 societatem
1215 2976 1303 3047 Ger-

327 3096 355 3131 “
376 3113 512 3175 manos,
545 3085 666 3158 dubias
702 3084 938 3180 Hispanias:”
981 3089 1106 3160 cundia
1138 3094 1194 3183 (ut
1225 3118 1302 3165 mos

323 3208 443 3300 sarnae)
460 3207 493 3278 in
505 3204 612 3301 majus
625 3204 765 3276 credita.
804 3205 968 3300 Optimus
982 3205 1122 3302 quisque
1136 3209 1302 3305 reipubli-

324 3356 374 3402 cae
391 3330 473 3399 curli
492 3327 681 3397 maerebat:
710 3324 810 3396 multi
827 3325 910 3395 odio
927 3322 1156 3419 praesentium,
1186 3331 1219 3398 ὅτ
1237 3355 1298 3401 cu-

326 3446 442 3544 pidine
456 3442 667 3532 mutationis,
679 3442 744 3514 suis
756 3470 898 3539 quoque
909 3444 1067 3539 periculis
1085 3448 1300 3537 laetabantur,

326 3567 617 3662 increpabantque
645 3562 842 3651 Tiberium,
879 3563 972 3659 quod
1003 3562 1038 3634 in
1064 3585 1161 3637 tanto
1184 3592 1301 3638 rerum

324 3706 437 3771 motu,
485 3681 609 3753 libellis
651 3681 884 3752 accusatorum
919 3682 1100 3754 insumeret
1144 3710 1299 3778 operam.

325 3811 352 3844 “
372 3809 430 3874 An
448 3800 582 3894 Juliurn
596 3799 818 3870 Sacrovirum
841 3798 1023 3897 majestatis
1041 3801 1184 3874 crimine
1201 3827 1298 3874 reum

328 3927 353 3967 “
373 3921 409 4000 in
425 3922 539 3994 senatu
555 3916 628 3993 fore
644 3922 656 3991 Ρ
685 3918 843 3994 exstitille
857 3921 998 3994 tandein
1009 3921 1113 4014 viros,
1142 3920 1203 4021 qui
1219 3946 1298 3994 cru-
