2986 5138
226 500 296 597 ³⁰⁸
441 492 486 568 C.
515 490 786 569 Couurtrr
813 488 1011 565 Tnerrr

225 672 352 749 cabula
374 666 553 769 usurpant,
581 668 787 767 Halumque
812 670 847 741 Sc
870 662 1094 754 Artemitam,
1116 663 1201 739 Par·

225 790 322 865 thica
352 784 498 887 oppidu,
536 786 686 886 recepit;
722 783 934 861 certantibus
961 780 1106 881 gaudio,
1139 781 1202 882 qui

226 912 460 999 Artabanum,
484 908 628 1005 Scythas
654 905 743 979 inter
763 905 945 994 eductum,
968 904 1018 977 ob
1038 898 1203 977 saevitiam

226 1025 404 1117 exsecrati,
432 1050 535 1101 corne
555 1024 720 1099 Tiridatis
741 1022 923 1123 ingenium
938 1024 1118 1097 Romanas
1140 1043 1203 1118 per

227 1140 317 1225 a'rtes
332 1144 525 1243 sperabant.

275 1266 395 1341 XLII.
418 1266 644 1339 Puuaruurr
670 1259 878 1337 adulationis
907 1256 1123 1341 Seleucenses
1147 1256 1203 1333 in·

227 1386 351 1475 nuere,
373 1381 494 1457 civitas
518 1400 656 1481 potens,
681 1379 777 1481 septa
791 1379 912 1473 muris,
937 1402 1053 1479 neque
1067 1377 1105 1453 in
1126 1380 1203 1453 bar-

227 1506 355 1581 barum
382 1520 560 1599 oormpm,
588 1499 647 1575 sed
674 1499 860 1577 conditoris
887 1497 1021 1575 Seleuci
1041 1496 1203 1573 retinens.

226 1619 391 1697 Trecenti
406 1618 548 1718 opibus,
569 1638 629 1695 aut
642 1618 806 1719 sapientis
820 1619 959 1711 deledli,
986 1638 1027 1694 ut
1041 1616 1201 1693 senatus:

226 1738 288 1821 sua
309 1738 442 1837 populo
457 1738 524 1831 vis,
538 1742 573 1813 Sc
596 1738 757 1839 quotiens
770 1740 957 1816 concordes
971 1756 1096 1839 agunt,
1111 1735 1206 1835 sper·

228 1859 325 1937 uitur
346 1859 517 1933 Parthus:
550 1857 613 1933 ubi
636 1856 833 1951 diffensere,
860 1860 949 1935 dum
975 1857 1037 1933 fibi
1058 1852 1206 1955 quisque

228 1998 351 2057 contra
378 1978 523 2053 emulos
549 1976 737 2061 subfidium
757 1998 901 2069 vocant,
923 1976 1052 2051 accitus
1067 1976 1105 2050 in
1126 2002 1204 2075 par·

228 2116 317 2191 tem,
344 2096 530 2173 adversdm
554 2120 676 2171 omnes
696 2096 848 2173 valescit
910 2096 954 2172 Id
978 2120 1091 2195 nuper
1111 2095 1204 2171 aeci-

227 2222 342 2308 derat,
355 2216 534 2291 Artabano
549 2234 733 2313 regnante,
758 2214 821 2313 qui
837 2216 978 2313 plebem
994 2214 1206 2315 primoribus

233 2332 377 2413 tradidit
392 2356 439 2409 ex
461 2330 523 2407 suo
539 2329 623 2409 usu:
653 2356 736 2407 uam
752 2333 875 2432 populi
890 2333 1092 2432 imperium,
1103 2324 1222 2433 juxta¹

229 2451 448 2534 libertatem3
475 2472 669 2546 paucorum
691 2450 897 2541 dominatio,
931 2450 1036 2551 regia
1067 2451 1206 2528 libidini

168 2564 171 2569 ’
230 2568 374 2670 propior
394 2564 454 2641 est.
500 2566 600 2641 Tum
620 2566 868 2643 adventantem
883 2568 1064 2647 Tiridaten
1092 2573 1206 2647 extol·

228 2690 321 2776 lunt,
344 2704 502 2760 veterum
525 2709 649 2784 regum
677 2686 881 2780 honoribus,
911 2694 945 2764 δι
974 2716 1061 2789 quos
1087 2716 1206 2767 recens

225 2828 308 2882 aetas
328 2805 457 2903 largiris
472 2805 633 2879 invenit:
665 2809 765 2882 fimul
781 2811 906 2907 probra
928 2809 963 2884 in
982 2812 1204 2885 Artabanum

229 2926 437 3017 fundebant,
473 2934 500 2969 “
517 2929 672 3005 materna
701 2928 834 3027 origine
864 2927 1065 3020 Arsaciden,
1089 2949 1206 3005 cetera

230 3056 259 3093 “
275 3048 522 3144 degenerem.”
580 3039 752 3120 Tiridates
779 3074 852 3121 rem
877 3047 1112 3125 Seleucensem
1140 3076 1204 3147 po·

230 3167 316 3265 pulo
345 3165 537 3261 permittit:
564 3190 649 3238 mox
679 3165 884 3258 consultans,
919 3175 1118 3267 “quonam
1146 3169 1205 3243 die

231 3282 457 3356 “sollemnia
481 3282 578 3382 regni
602 3286 830 3381 capefferet;”
854 3287 968 3360 literas
993 3289 1145 3362 Phraatis
1170 3294 1205 3363 ὅτ

230 3401 411 3492 Hieronis,
439 3403 499 3500 qui
517 3401 735 3477 validissimas
752 3404 966 3502 praesedluras
984 3408 1204 3500 obtinebant,

229 3520 371 3616 accipit,
406 3529 433 3563 “
464 3523 606 3594 brevem
641 3525 801 3596 moram’'
833 3525 1064 3621 precantium,
1096 3527 1206 3624 placi-

227 3659 373 3735 tumque
407 3636 601 3735 “opperiri
630 3639 723 3713 viros
749 3645 1026 3740 praepollentesss’
1083 3651 1207 3742 Atque

145 3848 148 3853 ‚
227 3755 366 3835 interim
391 3759 593 3855 Ctesiphon,
623 3756 716 3831 sedes
732 3758 883 3856 imperii,
911 3762 1037 3861 petita;
1067 3762 1124 3835 sed
1143 3765 1206 3838 ubi

225 3872 320 3953 diem
337 3900 382 3957 ert
400 3876 457 3953 die
480 3877 711 3973 prolatabaut,
737 3879 857 3962 multis
875 3886 1044 3958 coram&
1071 3883 1201 3982 adpro-
