2986 5138
262 594 330 667 154
473 569 514 641 C.
547 569 816 641 Cotuanrr
848 568 1052 645 Tacrrt

253 764 368 816 vetere
394 743 557 817 memorial
584 741 747 832 facinore,
773 742 963 815 decumum
980 766 1158 840 quemque
1174 743 1235 845 ig-

254 861 453 934 nomiuiosae
487 862 651 950 cohortis,
696 860 783 935 sorte
816 862 953 951 dustos,
999 860 1076 935 susti
1112 886 1234 937 necat.

254 982 481 1077 Tantumque
518 979 693 1054 severitate
730 979 939 1076 profestum,
982 1000 1021 1053 ut
1055 981 1235 1057 vexillum

255 1120 514 1188 veteranorum,
540 1126 612 1172 non
622 1099 770 1196 amplius
780 1098 961 1196 quingenti
978 1123 1134 1188 numero,
1148 1100 1232 1173 eas·

253 1221 337 1292 dem
364 1218 591 1293 Tacfarinatis
612 1218 742 1313 copias,
781 1217 990 1313 praesidium,
1025 1217 1082 1290 cui
1106 1220 1229 1293 Thala

254 1364 398 1427 nomen,
436 1339 607 1435 adgressas
640 1335 817 1409 fuderint:
861 1361 933 1431 quo
962 1335 1086 1431 proelio
1111 1337 1233 1413 Rufus

255 1458 420 1550 Helvius,
443 1456 617 1554 gregarius
634 1455 745 1545 miles,
771 1452 891 1528 servati
909 1454 995 1528 civis
1011 1456 1116 1528 decus
1131 1477 1231 1529 retu·

255 1578 308 1666 lit,
335 1572 549 1672 donatusque
564 1574 611 1647 est
626 1577 671 1647 ab
687 1574 847 1670 Apronio
864 1575 1043 1672 torquibus
1059 1578 1092 1647 ἃ
1110 1574 1228 1651 hastas:

256 1694 367 1769 Caesar
383 1695 515 1768 addidit
533 1694 680 1768 civicam
697 1718 876 1783 coronam,
903 1699 930 1736 “
949 1692 1044 1791 quod
1062 1719 1231 1769 noricam

257 1824 285 1859 “
302 1837 444 1912 quoque
472 1812 651 1910 Apronius
672 1809 750 1910 jure
778 1809 989 1908 proconsulis
1020 1810 1230 1905 tribuisset,''

256 1932 393 2030 questus
422 1931 547 2030 magis,
574 1932 681 2030 quam
709 1927 868 2004 offensus.
917 1931 983 2003 Sed
1011 1929 1228 2035 Tacfarinas,

257 2055 417 2149 perculsis
438 2050 619 2139 Numidis,
647 2054 679 2121 a
697 2049 826 2123 obsidia
841 2047 1111 2145 aspernantibus,
1136 2050 1231 2149 spara

256 2171 307 2268 git
323 2172 482 2255 bellum;
509 2168 569 2241 ubi
596 2167 785 2259 instaretur,
812 2170 951 2260 cedens,
977 2194 1017 2242 ac
1033 2168 1166 2242 rursum
1192 2171 1229 2245 in

256 2309 355 2387 terga
380 2311 558 2360 remeans:
588 2290 620 2357 δι
647 2287 733 2358 dum
750 2313 791 2359 ea
807 2287 894 2360 ratio
911 2290 1057 2362 barbaro
1072 2286 1150 2380 suit,
1175 2291 1230 2364 in-

255 2407 361 2480 ritum
378 2404 570 2500 fessumque
588 2408 792 2477 Romanum
810 2406 953 2505 impune
970 2408 1228 2482 ludificabatur.

256 2524 447 2620 Postquam
473 2520 617 2594 deflexit
640 2521 683 2593 ad
706 2524 894 2599 maritimos
923 2529 1030 2618 locos,
1067 2526 1231 2625 inligatus

256 2641 385 2738 praedas,
399 2639 527 2713 stativis
539 2640 650 2712 castris
663 2642 870 2717 adhaerebat:
886 2646 986 2719 missu
999 2646 1101 2743 patris
1112 2652 1229 2744 Apro·

255 2761 333 2832 nius
357 2761 526 2833 Caesranus
549 2786 629 2834 cum
652 2761 769 2859 equite
794 2768 826 2835 &
852 2766 1051 2838 cohortibus
1068 2765 1229 2838 auxiliar-

258 2879 312 2968 iis,
337 2881 415 2974 quls
429 2878 654 2953 velocilhmos
664 2882 843 2978 legionum
857 2884 1049 2974 addiderat,
1074 2884 1228 2981 prosper·

255 3022 313 3069 am
330 2998 514 3071 aduersum
527 3000 700 3072 Numidas
718 3025 875 3098 pugnam
892 3001 984 3093 sacit,
1011 3003 1177 3101 pellitque
1194 3006 1229 3077 in

255 3114 397 3187 deserta.

303 3237 422 3308 XXII.
452 3242 511 3309 Ar
542 3242 674 3311 Roma
699 3240 849 3336 lepida,
877 3241 932 3314 cui
948 3238 1048 3340 super
1063 3243 1227 3317 AEmilio-

255 3381 332 3427 rum
349 3357 454 3428 decus
471 3361 515 3429 L.
534 3360 626 3430 Sulla
638 3384 677 3430 ac
691 3360 756 3429 Cn.
774 3360 960 3455 Pompeius
978 3363 1095 3457 proavi
1115 3384 1223 3451 erant,

254 3475 408 3547 defertur
426 3484 451 3517 “
482 3477 668 3549 imulariss'e
687 3497 825 3572 partum
839 3502 881 3550 ex
896 3482 935 3550 P.
948 3481 1109 3576 Qririuio
1120 3482 1230 3555 divite

256 3601 283 3635 “
302 3617 406 3691 atque
433 3597 565 3667 orho:’'
594 3594 842 3692 adjiciebantur
869 3605 894 3639 “
914 3599 1091 3688 adulteria,
1123 3625 1229 3672 rene·

255 3721 283 3757 “
302 3740 364 3798 na;
390 3719 641 3811 quaestumque
658 3740 718 3810 per
734 3717 916 3788 Chaldaeos
933 3717 967 3787 in
985 3718 1132 3791 domum
1150 3721 1229 3792 Cae·

256 3838 284 3873 “
302 3832 419 3921 saris,''
444 3833 650 3905 defendente
667 3858 761 3904 ream
779 3836 904 3906 Manio
931 3836 1088 3931 Lepido,
1115 3836 1229 3910 fratre.

253 3950 445 4047 Quirinius,
472 3954 547 4049 post
568 3952 700 4027 dietum
723 3955 906 4052 repudium
927 3957 1044 4033 adhuc
1066 3955 1229 4047 insensm,
