2986 5138
217 749 285 862 C.
408 743 1174 862 CORNELII

387 1001 1010 1129 TACITI

332 1289 1069 1391 nunnius

403 1563 614 1636 Linon
662 1562 992 1659 Quintus,

409 1800 991 1837 ----··-··

214 1973 463 2121 Russnrro
482 2044 515 2113 a
534 2041 636 2112 Fufio
648 2037 858 2128 consulibus,
881 2064 1031 2137 quorum
1048 2039 1184 2138 utrique

213 2158 383 2230 Geminus
400 2179 674 2256 cognomentum
691 2179 777 2248 erat,
804 2157 899 2253 Julia
916 2158 1075 2256 Augusta
1092 2184 1185 2231 mor·

215 2296 288 2349 tem
305 2275 405 2367 obiit,
423 2296 522 2350 aetate
538 2280 703 2367 extrema,
721 2276 907 2351 nobilitatis
925 2301 986 2373 per
1001 2277 1185 2349 Claudiam

213 2394 393 2486 familiam,
436 2401 470 2470 ὃ(
504 2395 690 2492 adoptione
722 2395 911 2469 Liviorum
939 2393 1186 2493 ,Iuliorumque

213 2514 412 2587 clariffimae.
472 2514 629 2586 Primum
662 2514 692 2587 ei
728 2513 991 2587 matrimonium
1024 2518 1056 2585 &
1090 2513 1188 2587 liberi

213 2632 307 2706 fuere
335 2659 418 2706 cum
454 2633 596 2706 Tiberio
622 2636 779 2723 Nerone,
812 2632 873 2730 qui
907 2633 999 2706 bello
1024 2633 1188 2705 Perusino

215 2750 398 2848 profugus,
434 2777 518 2848 pace
542 2752 630 2825 inter
661 2755 739 2824 Sex.
769 2751 977 2848 Pompeium
1003 2777 1043 2823 ac
1066 2750 1187 2823 trium·

213 2870 306 2942 viros
324 2871 435 2965 parta,
462 2870 497 2942 in
514 2873 649 2944 Urbem
667 2872 778 2944 rediit.
829 2872 922 2943 Exin
935 2869 1060 2960 Caesar,
1088 2870 1187 2967 cupi-

213 2989 296 3061 dine
312 2989 447 3078 forma,
472 2988 586 3062 aufert
607 2990 746 3080 marim,
776 2991 946 3064 incertum
961 3016 1005 3062 an
1031 2989 1187 3078 invitam,

214 3108 303 3181 adel)
320 3134 500 3205 properus,
522 3130 560 3182 ut
581 3135 625 3182 ne
640 3108 748 3206 spatio
765 3109 909 3205 quidem
925 3111 970 3182 ad
987 3107 1190 3181 enitendum

214 3228 311 3316 datu,
330 3227 511 3324 penatibus
528 3227 592 3301 suis
614 3227 793 3326 gravidam
811 3227 996 3300 induxerit.
1045 3227 1190 3298 Nullam

216 3347 357 3443 posthac
379 3345 533 3420 subolem
554 3346 680 3420 edidit:
709 3345 765 3419 sed
790 3345 945 3443 sanguini
965 3345 1112 3443 Augusti
1131 3370 1191 3441 per

215 3463 497 3560 conjunctionem
524 3464 730 3563 Agrippina
755 3462 1011 3538 &Germanici
1039 3465 1190 3551 adnexa,

216 3609 421 3657 communes
455 3604 661 3681 pronepotes
689 3583 832 3657 habuit:
860 3582 1033 3656 sanditate
1064 3583 1191 3653 dumbs

217 3701 365 3800 priscum
388 3705 434 3776 ad
461 3728 609 3793 morem,
640 3703 750 3775 comis
780 3703 870 3776 ultri
904 3702 1012 3800 quam
1041 3699 1190 3795 antiquis

217 3820 353 3896 feminis
382 3826 582 3919 probatum,
606 3841 717 3894 mater
744 3822 931 3918 impotens,
960 3844 1049 3892 uxor
1071 3818 1190 3907 facilis,

219 3945 349 4017 &cum
368 3942 498 4019 artibus
515 3939 641 4033 mariti,
660 3940 874 4013 fimulatione
886 3937 963 4031 lilii,
988 3941 1075 4013 bene
1092 3963 1189 4015 com-

688 4061 761 4153 84
