2986 5138
346 573 389 666 58
534 569 575 640 C.
608 570 1120 644 ConanarrTncr'rr

344 741 543 814 deserudre:
569 743 694 838 vulgus
724 741 931 814 trucidatum
963 741 1023 830 est,
1051 741 1161 812 donec
1189 740 1239 813 ira
1269 744 1304 815 st

343 860 416 932 dies
435 864 625 955 pennanfit.
675 862 790 930 Nosse
806 860 950 930 demum
974 857 1111 931 reversa
1137 859 1303 955 legiones,

344 979 501 1075 quamvis
519 979 595 1073 plus
612 979 808 1065 vulnerum,
842 979 963 1050 eadem
990 977 1147 1049 ciborum
1176 979 1305 1074 egestas

343 1095 513 1194 fatigaret,
532 1097 619 1186 vim,
652 1095 843 1186 sanitatem,
869 1094 998 1192 copias,
1023 1097 1146 1168 cunda
1168 1095 1204 1168 in
1232 1097 1304 1169 vic-

343 1214 429 1286 toria
456 1216 617 1288 lrabudre.

388 1336 523 1406 LXIX.
560 1336 822 1406 Pnnvnsnnnr
864 1332 1000 1405 interim
1033 1333 1302 1406 “circumventi

343 1462 370 1496 “
388 1454 579 1526 exercitrls'’
600 1451 704 1540 fama,
735 1458 768 1523 δε
787 1449 945 1524 “infesto
969 1455 1223 1524 Germanorum
1241 1479 1302 1549 ag·
1347 1454 1356 1475 ⁸

343 1580 370 1615 “
390 1572 481 1643 mine
498 1572 623 1643 Gallias
640 1570 708 1666 peti
722 1572 758 1641 :''
791 1596 830 1642 ac
847 1569 882 1640 ni
900 1569 1094 1667 Agrippina
1109 1571 1302 1667 impositum

343 1692 470 1762 Rheno
503 1710 644 1785 pontem
672 1688 755 1761 solvi
785 1689 1018 1785 prohibuisset,
1059 1709 1152 1761 erant
1180 1691 1239 1784 qui
1268 1691 1303 1762 id

342 1809 511 1905 flagitium
528 1806 709 1879 formidine
726 1808 890 1879 auderent
907 1835 915 1878 :
949 1806 1005 1878 sed
1038 1805 1164 1878 femina
1180 1808 1301 1904 ingens

342 1927 460 2016 animi,
479 1926 595 1998 munia
611 1925 705 1997 ducis
724 1951 783 2019 per
798 1951 856 1999 eos
872 1925 944 1997 dies
975 1923 1098 2012 induit,
1124 1925 1300 1999 militibus-

341 2072 410 2142 que
422 2066 459 2117 ut
478 2045 552 2141 quis
569 2045 678 2140 inops,
698 2065 755 2116 aut
772 2043 913 2132 saucius,
940 2043 1066 2115 vestem
1091 2047 1124 2115 ἃ
1148 2043 1301 2118 fomenta

341 2164 498 2260 dilargita
523 2164 579 2236 est.
638 2162 757 2234 Tradit
778 2164 819 2234 C.
844 2161 988 2249 Plinius,
1014 2163 1301 2237 Germanicorum

340 2285 511 2355 bellorum
532 2280 682 2377 scriptor,
711 2281 831 2353 stetisse
844 2280 936 2376 apud
952 2277 1156 2374 principium
1173 2284 1299 2378 pontis,

343 2402 458 2471 laudes
484 2403 517 2470 δι
545 2421 655 2495 grates
670 2403 807 2472 reversis
823 2397 1013 2495 legionibus
1029 2399 1223 2471 habentem.
1258 2403 1299 2472 ld

341 2517 471 2589 Tiberii
500 2518 655 2589 animum
680 2518 777 2590 altius
804 2514 1002 2612 penetravit.
1057 2524 1084 2558 “
1098 2519 1181 2589 Non
1207 2519 1300 2591 enim

343 2641 370 2677 “
389 2635 553 2731 simplices
571 2661 626 2706 eas
642 2662 760 2708 curas:
795 2661 857 2708 nec
872 2635 1033 2707 adversus
1048 2657 1207 2709 externos
1235 2638 1299 2709 mi-

275 2787 277 2790 ·
343 2759 370 2795 “
388 2753 483 2824 litem
501 2754 628 2849 quaeri:
655 2754 739 2825 nihil
760 2753 915 2826 relislum
937 2753 1208 2850 imperatoribus,
1241 2757 1302 2829 ubi

342 2879 368 2914 “
387 2872 512 2944 semina
530 2873 720 2969 manipulos
737 2871 921 2964 intervisat,
951 2878 1045 2972 figna
1059 2877 1171 2966 adeat,
1200 2876 1300 2973 largi-

344 3001 369 3034 “
388 2993 516 3063 tionem
535 3013 654 3080 tentet,
689 3013 865 3089 tamquam
883 3019 1004 3088 parum
1032 2995 1210 3067 ambitiose
1237 2996 1301 3068 fili-

343 3120 369 3153 “
388 3138 447 3183 um
476 3112 571 3182 ducis
596 3112 724 3208 gregali
741 3111 858 3184 habitu
879 3109 1104 3201 circumferat,
1138 3113 1300 3207 Caesarem-

343 3238 370 3272 “
389 3255 456 3326 que
467 3229 635 3323 Caligulam
652 3229 814 3326 appellari
831 3229 923 3300 velit.
941 3229 1114 3302 Potiorem
1120 3229 1194 3326 jam
1207 3234 1300 3328 apud

343 3357 371 3391 “
389 3347 554 3420 exercitus
584 3347 828 3444 Agrippinam,
869 3347 974 3442 quam
1013 3349 1155 3445 legatos,
1195 3352 1301 3446 quam

343 3475 369 3510 “
388 3468 513 3538 duces:
544 3469 766 3560 compressam
793 3492 813 3538 a
839 3465 977 3537 muliere¹
1004 3464 1217 3555 seditionem,
1246 3470 1301 3541 cui

342 3593 369 3627 “
388 3610 517 3656 nomen
533 3584 696 3680 Principis
713 3584 870 3656 obsistere
898 3609 968 3654 non
996 3584 1179 3680 quiverit.'’
1227 3593 1298 3657 Ac·

341 3704 506 3775 cendebat
524 3703 595 3773 lraec
612 3704 841 3800 onerabatque
856 3701 1005 3799 Sejanus,
1030 3701 1147 3796 peritia
1163 3727 1299 3778 morum

341 3821 485 3907 Tiberii,
514 3819 593 3891 odia
609 3820 644 3890 in
662 3822 807 3919 longum
817 3819 958 3916 jaciens,
983 3845 1058 3918 quae
1084 3821 1297 3914 reconderet,

342 3941 505 4033 auctaque
529 3958 708 4035 promeret.
