2986 5138
259 603 303 674 32
503 568 1013 644 C.Conuu11TAcrrr

256 749 378 823 scelere
390 745 691 833 contaminaretur,
719 766 872 840 praeceps
889 738 1051 814 tribunali
1065 740 1224 819 desiluit:

258 865 492 965 opposuerunt
514 863 654 937 abeunti
678 889 786 950 arma,
812 861 1022 950 minitantes,
1052 860 1089 933 ni
1113 887 1230 960 regre-

256 991 406 1060 deretur.
456 990 505 1056 At
521 984 576 1056 ille
598 982 846 1055 “moriturum
860 980 975 1077 potius
1001 981 1109 1077 quiam
1121 983 1230 1059 fidem

258 1112 287 1148 “
300 1106 465 1178 exueret”
493 1102 683 1191 clamitans,
721 1098 850 1173 serrum
887 1127 908 1173 a
943 1102 1047 1175 latere
1071 1100 1229 1198 diripuit,

257 1227 455 1321 elatumque
478 1222 653 1295 deserebat
679 1220 714 1293 in
738 1222 869 1316 peetus,
892 1220 928 1293 ni
954 1221 1106 1317 proximi
1128 1248 1230 1318 pren·

256 1343 328 1417 sam
351 1344 510 1415 dextram
540 1340 575 1412 vi
602 1339 819 1412 attinuiffent.
882 1342 1051 1412 Extrema
1084 1346 1117 1414 ἃ
1146 1368 1230 1416 con·

261 1466 402 1562 globata
425 1460 513 1532 inter
533 1458 566 1531 se
591 1485 667 1555 pars
687 1458 877 1549 concionis,
918 1485 957 1532 ac
981 1459 1043 1531 vix
1068 1461 1233 1540 credibile

258 1579 518 1677 dislu,quidam
533 1578 652 1676 singuli
666 1578 806 1675 propids
815 1578 1025 1668 incedentes,
1044 1585 1071 1620 ‘⁴
1080 1577 1234 1675 seriret,’'

260 1703 510 1773 hortabantur:
538 1704 570 1771 &
601 1698 711 1789 miles,
737 1697 877 1771 nomine
900 1697 1102 1786 Calusidius,
1135 1698 1235 1773 stric-

260 1842 337 1892 tum
365 1818 491 1893 obtulit
520 1816 690 1916 gladium,
717 1817 850 1907 addim,
883 1826 910 1861 “
926 1815 1113 1890 acutiorem
1129 1820 1233 1892 effe.''

259 1941 401 2012 Saevum
415 1938 464 2028 id,
479 1937 630 2034 malique
643 1936 760 2025 moris,
778 1935 882 2009 etiam
892 1934 1082 2009 furentibus
1094 1935 1206 2010 visum
1219 1969 1233 2024 ς

259 2087 299 2134 ac
322 2059 469 2157 spatium
491 2055 570 2146 fuit,
593 2082 665 2153 quo
679 2055 791 2131 Caesar
808 2058 854 2129 ab
875 2054 995 2129 amicis
1016 2055 1052 2128 in
1075 2059 1235 2132 taberna-

261 2181 381 2252 culum
410 2195 596 2272 raperetur.
1218 2164 1223 2175 ’

311 2295 484 2368 XXXVI.
509 2296 812 2368 Cousunrnruru
833 2294 880 2368 ibi
897 2296 943 2369 de
960 2296 1140 2370 remedio:
1167 2318 1236 2372 ete·

265 2415 337 2489 nim
354 2413 572 2487 nuntiabatur
596 2420 622 2456 “
641 2413 750 2509 parari
767 2415 911 2511 legatos,
941 2413 1001 2512 qui
1023 2414 1235 2513 superiorem

263 2532 495 2605 “exercitum
518 2530 561 2603 ad
586 2528 720 2604 causam
736 2534 897 2606 eamdem
909 2536 1109 2608 traherent:
1133 2537 1237 2611 desti-

263 2660 289 2695 “
308 2673 428 2724 natum
441 2650 577 2724 excidio
601 2650 778 2724 Ubiorum
794 2653 992 2749 oppidum:
1020 2654 1239 2753 imbutasque

265 2779 294 2814 “
312 2772 429 2868 praedal
453 2797 587 2860 manus,
619 2770 654 2843 in
675 2770 907 2868 direptionem
930 2773 1121 2846 Galliarum
1138 2800 1241 2871 erup-

266 2899 294 2933 “
313 2891 441 2962 turas.’'
491 2893 656 2987 Augebat
683 2914 817 2964 metum
842 2919 967 2990 gnarus
995 2897 1167 2966 Romana:
1193 2892 1243 2967 se·

263 3008 415 3098 ditionis,
440 3013 488 3097 br,
514 3013 536 3081 st
561 3009 778 3083 omitteretur
806 3011 892 3108 ripa,
920 3010 1097 3085 invasurus
1124 3013 1242 3087 hostis.

266 3135 316 3204 At
339 3133 361 3202 fi
389 3129 560 3201 auxilia&
577 3126 656 3201 socii
680 3131 866 3203 adversum
887 3131 1106 3205 abscedentes
1129 3134 1242 3231 legio-

267 3275 350 3324 ones
363 3269 591 3337 armarentur,
609 3249 709 3322 civile
723 3251 855 3322 bellum
871 3249 1002 3348 suscipi.
1051 3250 1246 3330 Periculosa

266 3369 436 3457 severitas,
466 3367 631 3466 flagitiosa
652 3369 815 3468 largitio:
850 3369 907 3443 seu
941 3370 1026 3442 nihil
1051 3370 1163 3460 militi,
1187 3370 1247 3444 seu

265 3491 384 3565 omnia
396 3490 680 3578 concederentur,
697 3490 733 3561 in
747 3489 884 3586 ancipiti
899 3487 1100 3585 respublica.
1118 3490 1246 3587 Igitur,

268 3608 429 3683 volutatis
445 3609 533 3682 inter
551 3608 584 3682 se
602 3609 803 3699 rationibus,
829 3608 1008 3706 placitum,
1034 3630 1072 3681 ut
1094 3608 1247 3704 epistolae

269 3729 411 3802 nomine
428 3728 596 3824 Principis
619 3728 866 3802 scriberentur:
909 3737 935 3771 “
948 3727 1140 3800 miffionem
1172 3728 1249 3800 dari

271 3853 298 3887 “
317 3845 437 3917 vicena
453 3845 619 3942 stipendia
637 3847 779 3936 meritis,
806 3848 1017 3920 exauclorari
1034 3846 1096 3945 qui
1109 3847 1249 3921 senade-

272 3968 300 4009 “
319 3987 364 4036 na
388 3960 552 4054 fecissent,
575 3990 615 4038 ac
643 3965 778 4039 retineri
807 3965 869 4040 sub
884 3965 1029 4056 vexillo,
1056 3987 1251 4043 ceterorum
