2986 5138
264 553 307 621 62
494 551 534 621 C.
563 553 798 625 Conxarrr
825 553 1002 625 Tncrrr

263 730 290 764 “
310 748 395 816 quos
412 745 520 796 mater
535 724 592 797 sua
609 727 644 797 in
661 727 863 799 memoriam
882 724 1031 824 Augusti
1058 722 1224 799 sacrasset.

264 846 290 880 ‘⁶
311 843 385 912 Nec
403 865 522 914 contra
540 845 720 941 religiones
739 846 825 933 lieri,
861 845 958 941 quod
990 843 1121 940 effigies
1137 842 1224 940 ejus,

263 962 289 998 “
308 981 344 1030 ut
362 960 425 1032 alia
442 962 624 1034 numinum
642 966 832 1053 simulacra,
864 963 1121 1036 venditionibus
1147 965 1226 1033 hor-

262 1084 288 1118 “
308 1099 423 1151 torum
462 1085 493 1150 δε
533 1083 703 1154 domuum
735 1086 911 1156 accedant.
976 1079 1224 1178 Jusjurandum

262 1206 288 1238 “
309 1198 447 1291 perinde
464 1201 715 1290 aestimandum,
750 1205 855 1298 quam
885 1205 907 1272 fi
934 1204 1061 1294 Jovem
1090 1198 1225 1272 sesellis·

262 1323 288 1363 “
306 1316 376 1389 set:
408 1321 553 1390 deorum
571 1318 706 1416 injurias
723 1321 786 1392 diis
803 1322 932 1392 curae.'’

306 1439 473 1508 LXXIV.
512 1440 596 1509 Nae
628 1465 763 1510 arrrrro
794 1439 867 1534 post
882 1438 1054 1511 Granium
1071 1440 1226 1511 Marcel-

258 1556 345 1640 lum,
375 1578 555 1650 praetorem
588 1556 769 1650 Bithynia,
805 1557 952 1652 quaestor
979 1557 1081 1653 ipsrus
1103 1557 1225 1651 Caepio

258 1672 432 1769 Crispinus
460 1672 639 1770 majestatis
672 1676 869 1770 postulavit,
903 1674 1130 1749 subscribente
1148 1680 1224 1748 Ro-

258 1818 362 1865 mano
395 1791 575 1887 Hispone:
612 1793 670 1888 qui
700 1792 848 1866 sormam
878 1794 956 1866 vitae
996 1793 1081 1881 iniit,
1117 1821 1223 1889 quam

256 1913 373 2009 postea
390 1914 560 1984 celebrem
589 1910 728 1984 miseriae
762 1934 974 2008 tempomm‚
1010 1916 1041 1985 &
1068 1912 1223 1982 audaciae

256 2033 439 2104 hominum
455 2030 607 2102 fecerunt
624 2060 632 2102 ε
664 2057 746 2102 nam
763 2057 884 2128 egens,
903 2031 1056 2128 ignotus,
1072 2030 1222 2127 inquies,

257 2152 341 2222 dum
374 2150 517 2222 occultis
545 2149 666 2221 libellis
694 2148 829 2222 saeritiae
877 2149 1041 2246 principis
1073 2150 1221 2244 adrepit,

223 2364 227 2372 Ι
255 2295 340 2340 mox
359 2269 536 2340 clarissimo
554 2268 680 2364 cuique
698 2268 889 2363 periculum
921 2263 1061 2367 facessit,
1096 2287 1219 2361 poten,

256 2386 339 2458 tiam
371 2388 463 2481 apud
490 2413 615 2475 unum,
648 2387 767 2459 odium
796 2385 888 2479 apud
912 2405 1032 2453 omnes
1060 2384 1218 2476 adeptus,

255 2504 349 2575 dedit
367 2507 583 2599 exemplum,
610 2506 705 2602 quod
721 2500 836 2590 secuti,
862 2527 906 2572 ex
932 2499 1140 2596 pauperibus
1166 2502 1219 2573 di-

255 2621 353 2711 vites,
385 2648 428 2693 ex
458 2625 664 2719 contemptis
696 2619 883 2708 metuendi,
919 2618 1107 2714 perniciem
1144 2619 1218 2691 aliis

255 2767 294 2812 ac
312 2740 523 2835 postremum
546 2742 604 2813 fibi
630 2743 801 2814 invenere.
850 2740 917 2810 Sed
935 2740 1146 2811 Marcellum
1166 2739 1219 2809 in-

255 2861 442 2948 simulabar,
487 2867 512 2899 “
530 2861 670 2932 smistros
702 2861 745 2931 de
783 2857 927 2931 Tiberio
955 2857 1126 2930 sermones
1159 2859 1220 2929 lra-

256 2985 282 3018 “
302 2977 408 3048 buill'e
425 2980 460 3047 :’'
487 2978 680 3050 inevitabile
705 2977 850 3069 crimen,
878 2979 960 3052 cum
993 3001 1037 3052 ex
1066 2976 1222 3048 moribus

253 3095 422 3189 Principis
450 3094 630 3168 soedilsuna
660 3122 808 3192 quaeque
834 3096 1001 3192 deligeret
1031 3095 1220 3185 accusator,

254 3212 509 3309 objeslaretque
538 3241 619 3286 reo:
650 3241 730 3285 nam
758 3215 839 3309 quia
867 3239 947 3285 vera
980 3236 1087 3302 erant,
1118 3215 1222 3286 ctiam

253 3332 343 3403 dicla
376 3335 610 3404 credebantur.
673 3333 820 3404 Addidit
865 3332 993 3428 Hispo,
1038 3333 1221 3405 “statuam

254 3459 280 3494 “
299 3453 457 3522 Marcelli
476 3451 588 3539 altius,
624 3450 732 3546 quam·
757 3450 928 3521 Caesarum
945 3454 1065 3522 sitam:
1094 3456 1127 3522 &
1156 3453 1221 3523 alirl

255 3568 332 3637 “in
360 3570 477 3658 status,
512 3590 690 3663 amputato
724 3569 836 3663 capite
866 3570 1028 3664 Augusti,
1067 3569 1218 3662 effigiem

254 3686 428 3757 “Tiberii
463 3688 605 3768 inditam
621 3689 655 3757 :''
696 3687 739 3757 ad
771 3688 865 3781 quod
899 3690 1018 3757 exarsit
1046 3686 1145 3772 adeo,
1179 3705 1217 3755 ut

252 3809 350 3895 rupta
375 3805 600 3876 taciturnitate
635 3807 875 3899 proclamaret,
911 3801 981 3873 “se
1015 3828 1155 3898 quoque
1181 3802 1217 3873 in

255 3925 280 3967 ‘⁶
299 3922 337 3996 est
353 3927 450 3994 caussa
467 3925 617 3994 latunnn
634 3921 833 3995 sententiam
846 3925 962 4019 palam
976 3919 1216 4022 &juratum,’'
