<?xml version="1.0" encoding="UTF-8"?>
<!DOCTYPE html PUBLIC "-//W3C//DTD XHTML 1.0 Transitional//EN"
    "http://www.w3.org/TR/xhtml1/DTD/xhtml1-transitional.dtd">
<html xmlns="http://www.w3.org/1999/xhtml" xml:lang="en" lang="en">
 <head>
  <title>
</title>
<meta http-equiv="Content-Type" content="text/html;charset=utf-8" />
  <meta name='ocr-system' content='tesseract 3.04.00' />
  <meta name='ocr-capabilities' content='ocr_page ocr_carea ocr_par ocr_line ocrx_word'/>
</head>
<body>
  <div class='ocr_page' id='page_1' title='image "./ccorneliitaciti03ernegoog_0049.png"; bbox 0 0 2986 5138; ppageno 0'>
   <div class='ocr_carea' id='block_1_1' title="bbox 250 535 1249 3973">
    <p class='ocr_par' dir='ltr' id='par_1_1' title="bbox 250 535 363 592">
     <span class='ocr_line' id='line_1_1' title="bbox 250 535 363 592; baseline -0.035 0"><span class='ocrx_word' id='word_1_1' title='bbox 250 535 363 592; x_wconf 72' lang='lat' dir='ltr'>XXXVI</span> 
     </span>
    </p>

    <p class='ocr_par' dir='ltr' id='par_1_2' title="bbox 254 675 1249 3973">
     <span class='ocr_line' id='line_1_2' title="bbox 254 675 1225 782; baseline -0.005 -26"><span class='ocrx_word' id='word_1_2' title='bbox 254 683 292 757; x_wconf 88' lang='lat' dir='ltr'>in</span> <span class='ocrx_word' id='word_1_3' title='bbox 308 682 428 782; x_wconf 87' lang='lat' dir='ltr'>primls</span> <span class='ocrx_word' id='word_1_4' title='bbox 451 707 513 757; x_wconf 89' lang='lat' dir='ltr'>nos</span> <span class='ocrx_word' id='word_1_5' title='bbox 529 682 689 774; x_wconf 87' lang='lat' dir='ltr'>advertit,</span> <span class='ocrx_word' id='word_1_6' title='bbox 715 683 812 780; x_wconf 91' lang='lat' dir='ltr'>quod</span> <span class='ocrx_word' id='word_1_7' title='bbox 830 678 1010 778; x_wconf 89' lang='lat' dir='ltr'>permultis</span> <span class='ocrx_word' id='word_1_8' title='bbox 1033 676 1136 769; x_wconf 86' lang='lat' dir='ltr'>locis,</span> <span class='ocrx_word' id='word_1_9' title='bbox 1161 675 1225 752; x_wconf 83' lang='lat' dir='ltr'>ubi</span> 
     </span>
     <span class='ocr_line' id='line_1_3' title="bbox 256 798 1227 898; baseline -0.006 -22"><span class='ocrx_word' id='word_1_10' title='bbox 256 827 339 876; x_wconf 94' lang='lat' dir='ltr'>cum</span> <span class='ocrx_word' id='word_1_11' title='bbox 354 801 594 898; x_wconf 88' lang='lat' dir='ltr'>superioribus,</span> <span class='ocrx_word' id='word_1_12' title='bbox 619 805 654 874; x_wconf 90' lang='lat' dir='ltr'>h.</span> <span class='ocrx_word' id='word_1_13' title='bbox 667 826 697 875; x_wconf 92' lang='lat' dir='ltr'>e.</span> <span class='ocrx_word' id='word_1_14' title='bbox 717 803 853 875; x_wconf 88' lang='lat' dir='ltr'>Veneto</span> <span class='ocrx_word' id='word_1_15' title='bbox 868 798 1049 874; x_wconf 82' lang='lat' dir='ltr'>Puteolani</span> <span class='ocrx_word' id='word_1_16' title='bbox 1072 801 1106 871; x_wconf 73' lang='lat' dir='ltr'>uz</span> <span class='ocrx_word' id='word_1_17' title='bbox 1122 800 1227 871; x_wconf 77' lang='lat' dir='ltr'>Bero·</span> 
     </span>
     <span class='ocr_line' id='line_1_4' title="bbox 257 918 1230 1018; baseline -0.004 -24"><span class='ocrx_word' id='word_1_18' title='bbox 257 920 375 994; x_wconf 88' lang='lat' dir='ltr'>aldino</span> <span class='ocrx_word' id='word_1_19' title='bbox 398 919 577 1010; x_wconf 87' lang='lat' dir='ltr'>consentit,</span> <span class='ocrx_word' id='word_1_20' title='bbox 604 920 746 1018; x_wconf 87' lang='lat' dir='ltr'>corrigit</span> <span class='ocrx_word' id='word_1_21' title='bbox 762 939 913 1008; x_wconf 88' lang='lat' dir='ltr'>textum,</span> <span class='ocrx_word' id='word_1_22' title='bbox 939 919 1040 1016; x_wconf 92' lang='lat' dir='ltr'>plane</span> <span class='ocrx_word' id='word_1_23' title='bbox 1061 937 1101 990; x_wconf 94' lang='lat' dir='ltr'>ut</span> <span class='ocrx_word' id='word_1_24' title='bbox 1124 918 1230 990; x_wconf 85' lang='lat' dir='ltr'>habet</span> 
     </span>
     <span class='ocr_line' id='line_1_5' title="bbox 257 1035 1231 1136; baseline -0.003 -25"><span class='ocrx_word' id='word_1_25' title='bbox 257 1039 314 1111; x_wconf 88' lang='lat' dir='ltr'>ed.</span> <span class='ocrx_word' id='word_1_26' title='bbox 338 1039 516 1136; x_wconf 83' lang='lat' dir='ltr'>princeps3</span> <span class='ocrx_word' id='word_1_27' title='bbox 546 1038 642 1136; x_wconf 90' lang='lat' dir='ltr'>cujus</span> <span class='ocrx_word' id='word_1_28' title='bbox 668 1059 785 1112; x_wconf 92' lang='lat' dir='ltr'>tamen</span> <span class='ocrx_word' id='word_1_29' title='bbox 814 1040 944 1134; x_wconf 83' lang='lat' dir='ltr'>nullam</span> <span class='ocrx_word' id='word_1_30' title='bbox 970 1035 1104 1134; x_wconf 85' lang='lat' dir='ltr'>uspiam</span> <span class='ocrx_word' id='word_1_31' title='bbox 1129 1059 1231 1109; x_wconf 90' lang='lat' dir='ltr'>men·</span> 
     </span>
     <span class='ocr_line' id='line_1_6' title="bbox 257 1153 1236 1253; baseline -0.004 -24"><span class='ocrx_word' id='word_1_32' title='bbox 257 1157 388 1230; x_wconf 91' lang='lat' dir='ltr'>tionem</span> <span class='ocrx_word' id='word_1_33' title='bbox 405 1157 508 1232; x_wconf 87' lang='lat' dir='ltr'>facit:</span> <span class='ocrx_word' id='word_1_34' title='bbox 535 1159 630 1231; x_wconf 90' lang='lat' dir='ltr'>velut</span> <span class='ocrx_word' id='word_1_35' title='bbox 648 1163 694 1230; x_wconf 86' lang='lat' dir='ltr'>A.</span> <span class='ocrx_word' id='word_1_36' title='bbox 718 1159 802 1247; x_wconf 92' lang='lat' dir='ltr'>Xll,</span> <span class='ocrx_word' id='word_1_37' title='bbox 836 1160 892 1247; x_wconf 90' lang='lat'>16,</span> <span class='ocrx_word' id='word_1_38' title='bbox 915 1182 970 1253; x_wconf 89' lang='lat'>19.</span> <span class='ocrx_word' id='word_1_39' title='bbox 994 1155 1049 1230; x_wconf 85' lang='lat' dir='ltr'>bis</span> <span class='ocrx_word' id='word_1_40' title='bbox 1062 1183 1074 1242; x_wconf 88' lang='lat'>;</span> <span class='ocrx_word' id='word_1_41' title='bbox 1102 1153 1236 1251; x_wconf 91' lang='lat' dir='ltr'>inquo·</span> 
     </span>
     <span class='ocr_line' id='line_1_7' title="bbox 259 1274 1231 1374; baseline -0.006 -23"><span class='ocrx_word' id='word_1_42' title='bbox 259 1278 338 1351; x_wconf 92' lang='lat' dir='ltr'>loco</span> <span class='ocrx_word' id='word_1_43' title='bbox 352 1276 452 1351; x_wconf 91' lang='lat' dir='ltr'>nobis</span> <span class='ocrx_word' id='word_1_44' title='bbox 468 1279 553 1351; x_wconf 85' lang='lat' dir='ltr'>fides</span> <span class='ocrx_word' id='word_1_45' title='bbox 567 1275 638 1374; x_wconf 81' lang='lat' dir='ltr'>ejus</span> <span class='ocrx_word' id='word_1_46' title='bbox 656 1301 762 1374; x_wconf 88' lang='lat' dir='ltr'>prope</span> <span class='ocrx_word' id='word_1_47' title='bbox 777 1274 928 1373; x_wconf 72' lang='lat' dir='ltr'>suspedla</span> <span class='ocrx_word' id='word_1_48' title='bbox 944 1274 1035 1348; x_wconf 87' lang='lat' dir='ltr'>fuit:</span> <span class='ocrx_word' id='word_1_49' title='bbox 1061 1274 1146 1363; x_wconf 88' lang='lat' dir='ltr'>Xll,</span> <span class='ocrx_word' id='word_1_50' title='bbox 1173 1297 1231 1368; x_wconf 80' lang='lat'>32·</span> 
     </span>
     <span class='ocr_line' id='line_1_8' title="bbox 259 1394 1236 1493; baseline -0.007 -23"><span class='ocrx_word' id='word_1_51' title='bbox 259 1416 347 1470; x_wconf 85' lang='lat' dir='ltr'>extr.</span> <span class='ocrx_word' id='word_1_52' title='bbox 370 1397 431 1471; x_wconf 93' lang='lat' dir='ltr'>ubi</span> <span class='ocrx_word' id='word_1_53' title='bbox 456 1398 695 1493; x_wconf 83' lang='lat' dir='ltr'>proSyIvarum</span> <span class='ocrx_word' id='word_1_54' title='bbox 712 1394 861 1468; x_wconf 86' lang='lat' dir='ltr'>correxit</span> <span class='ocrx_word' id='word_1_55' title='bbox 877 1395 1029 1484; x_wconf 71' lang='lat' dir='ltr'>Silurum,</span> <span class='ocrx_word' id='word_1_56' title='bbox 1056 1394 1171 1489; x_wconf 87' lang='lat' dir='ltr'>plane,</span> <span class='ocrx_word' id='word_1_57' title='bbox 1196 1409 1236 1465; x_wconf 94' lang='lat' dir='ltr'>ut</span> 
     </span>
     <span class='ocr_line' id='line_1_9' title="bbox 259 1509 1236 1611; baseline -0.006 -21"><span class='ocrx_word' id='word_1_58' title='bbox 259 1517 359 1591; x_wconf 88' lang='lat' dir='ltr'>estin</span> <span class='ocrx_word' id='word_1_59' title='bbox 384 1515 532 1589; x_wconf 88' lang='lat' dir='ltr'>editione</span> <span class='ocrx_word' id='word_1_60' title='bbox 555 1513 720 1611; x_wconf 88' lang='lat' dir='ltr'>principe.</span> <span class='ocrx_word' id='word_1_61' title='bbox 768 1513 836 1584; x_wconf 91' lang='lat' dir='ltr'>Sed</span> <span class='ocrx_word' id='word_1_62' title='bbox 861 1510 961 1585; x_wconf 84' lang='lat' dir='ltr'>facile</span> <span class='ocrx_word' id='word_1_63' title='bbox 982 1537 1064 1585; x_wconf 88' lang='lat' dir='ltr'>eum</span> <span class='ocrx_word' id='word_1_64' title='bbox 1087 1509 1236 1586; x_wconf 91' lang='lat' dir='ltr'>absolvit</span> 
     </span>
     <span class='ocr_line' id='line_1_10' title="bbox 259 1631 1235 1731; baseline -0.005 -23"><span class='ocrx_word' id='word_1_65' title='bbox 259 1655 336 1708; x_wconf 92' lang='lat' dir='ltr'>tum</span> <span class='ocrx_word' id='word_1_66' title='bbox 351 1654 434 1706; x_wconf 89' lang='lat' dir='ltr'>nota</span> <span class='ocrx_word' id='word_1_67' title='bbox 455 1632 518 1706; x_wconf 91' lang='lat' dir='ltr'>viri</span> <span class='ocrx_word' id='word_1_68' title='bbox 533 1632 720 1731; x_wconf 82' lang='lat' dir='ltr'>integritas,</span> <span class='ocrx_word' id='word_1_69' title='bbox 745 1651 823 1704; x_wconf 92' lang='lat' dir='ltr'>tum</span> <span class='ocrx_word' id='word_1_70' title='bbox 847 1631 1037 1704; x_wconf 89' lang='lat' dir='ltr'>multitudo</span> <span class='ocrx_word' id='word_1_71' title='bbox 1061 1631 1235 1720; x_wconf 89' lang='lat' dir='ltr'>locorum,</span> 
     </span>
     <span class='ocr_line' id='line_1_11' title="bbox 262 1747 1235 1851; baseline -0.008 -25"><span class='ocrx_word' id='word_1_72' title='bbox 262 1778 341 1851; x_wconf 84' lang='lat' dir='ltr'>quae</span> <span class='ocrx_word' id='word_1_73' title='bbox 370 1753 495 1850; x_wconf 90' lang='lat' dir='ltr'>pariter</span> <span class='ocrx_word' id='word_1_74' title='bbox 517 1750 712 1848; x_wconf 87' lang='lat' dir='ltr'>corrigendi</span> <span class='ocrx_word' id='word_1_75' title='bbox 734 1750 790 1822; x_wconf 89' lang='lat' dir='ltr'>ed.</span> <span class='ocrx_word' id='word_1_76' title='bbox 815 1774 868 1847; x_wconf 88' lang='lat' dir='ltr'>pr.</span> <span class='ocrx_word' id='word_1_77' title='bbox 895 1747 1092 1823; x_wconf 82' lang='lat' dir='ltr'>facultatem</span> <span class='ocrx_word' id='word_1_78' title='bbox 1116 1748 1235 1820; x_wconf 88' lang='lat' dir='ltr'>dabat.</span> 
     </span>
     <span class='ocr_line' id='line_1_12' title="bbox 261 1864 1236 1967; baseline -0.008 -22"><span class='ocrx_word' id='word_1_79' title='bbox 261 1873 383 1967; x_wconf 87' lang='lat' dir='ltr'>ltaque</span> <span class='ocrx_word' id='word_1_80' title='bbox 405 1871 467 1943; x_wconf 89' lang='lat' dir='ltr'>ista</span> <span class='ocrx_word' id='word_1_81' title='bbox 488 1895 570 1944; x_wconf 91' lang='lat' dir='ltr'>eum</span> <span class='ocrx_word' id='word_1_82' title='bbox 597 1870 653 1942; x_wconf 91' lang='lat' dir='ltr'>vel</span> <span class='ocrx_word' id='word_1_83' title='bbox 676 1894 695 1942; x_wconf 92' lang='lat' dir='ltr'>e</span> <span class='ocrx_word' id='word_1_84' title='bbox 721 1868 812 1941; x_wconf 91' lang='lat' dir='ltr'>libro</span> <span class='ocrx_word' id='word_1_85' title='bbox 826 1869 986 1956; x_wconf 85' lang='lat' dir='ltr'>Budensr,</span> <span class='ocrx_word' id='word_1_86' title='bbox 1010 1865 1068 1938; x_wconf 81' lang='lat' dir='ltr'>vel</span> <span class='ocrx_word' id='word_1_87' title='bbox 1091 1864 1236 1962; x_wconf 89' lang='lat' dir='ltr'>ingenio</span> 
     </span>
     <span class='ocr_line' id='line_1_13' title="bbox 263 1983 1235 2087; baseline -0.007 -24"><span class='ocrx_word' id='word_1_88' title='bbox 263 1990 394 2087; x_wconf 77' lang='lat' dir='ltr'>petiisse</span> <span class='ocrx_word' id='word_1_89' title='bbox 411 1988 619 2086; x_wconf 85' lang='lat' dir='ltr'>putabimus.</span> <span class='ocrx_word' id='word_1_90' title='bbox 667 1988 823 2060; x_wconf 88' lang='lat' dir='ltr'>Omnino</span> <span class='ocrx_word' id='word_1_91' title='bbox 841 1987 900 2059; x_wconf 89' lang='lat' dir='ltr'>ille</span> <span class='ocrx_word' id='word_1_92' title='bbox 915 1987 1004 2082; x_wconf 84' lang='lat' dir='ltr'>saepe</span> <span class='ocrx_word' id='word_1_93' title='bbox 1016 1984 1063 2058; x_wconf 89' lang='lat' dir='ltr'>ita</span> <span class='ocrx_word' id='word_1_94' title='bbox 1078 1983 1235 2082; x_wconf 85' lang='lat' dir='ltr'>corrigit,</span> 
     </span>
     <span class='ocr_line' id='line_1_14' title="bbox 263 2102 1238 2202; baseline -0.004 -21"><span class='ocrx_word' id='word_1_95' title='bbox 263 2127 317 2197; x_wconf 92' lang='lat' dir='ltr'>ut,</span> <span class='ocrx_word' id='word_1_96' title='bbox 343 2110 436 2181; x_wconf 92' lang='lat' dir='ltr'>unde</span> <span class='ocrx_word' id='word_1_97' title='bbox 457 2105 622 2179; x_wconf 69' lang='lat' dir='ltr'>comestio</span> <span class='ocrx_word' id='word_1_98' title='bbox 646 2103 757 2178; x_wconf 86' lang='lat' dir='ltr'>sumta</span> <span class='ocrx_word' id='word_1_99' title='bbox 784 2108 836 2195; x_wconf 83' lang='lat' dir='ltr'>stt,</span> <span class='ocrx_word' id='word_1_100' title='bbox 865 2130 937 2179; x_wconf 93' lang='lat' dir='ltr'>non</span> <span class='ocrx_word' id='word_1_101' title='bbox 959 2102 1066 2177; x_wconf 89' lang='lat' dir='ltr'>dicat.</span> <span class='ocrx_word' id='word_1_102' title='bbox 1117 2110 1238 2202; x_wconf 88' lang='lat' dir='ltr'>Atque</span> 
     </span>
     <span class='ocr_line' id='line_1_15' title="bbox 264 2222 1239 2322; baseline -0.002 -23"><span class='ocrx_word' id='word_1_103' title='bbox 264 2250 311 2299; x_wconf 85' lang='lat' dir='ltr'>ex</span> <span class='ocrx_word' id='word_1_104' title='bbox 339 2226 379 2298; x_wconf 89' lang='lat' dir='ltr'>iis</span> <span class='ocrx_word' id='word_1_105' title='bbox 397 2222 562 2322; x_wconf 90' lang='lat' dir='ltr'>quasdam</span> <span class='ocrx_word' id='word_1_106' title='bbox 584 2223 776 2297; x_wconf 72' lang='lat' dir='ltr'>avidiorio</span> <span class='ocrx_word' id='word_1_107' title='bbox 799 2224 1013 2322; x_wconf 86' lang='lat' dir='ltr'>excogitatas</span> <span class='ocrx_word' id='word_1_108' title='bbox 1041 2224 1168 2321; x_wconf 90' lang='lat' dir='ltr'>reperi,</span> <span class='ocrx_word' id='word_1_109' title='bbox 1199 2243 1239 2297; x_wconf 92' lang='lat' dir='ltr'>ut</span> 
     </span>
     <span class='ocr_line' id='line_1_16' title="bbox 265 2339 1240 2440; baseline -0.002 -23"><span class='ocrx_word' id='word_1_110' title='bbox 265 2349 313 2417; x_wconf 87' lang='lat' dir='ltr'>A.</span> <span class='ocrx_word' id='word_1_111' title='bbox 330 2344 397 2430; x_wconf 93' lang='grc' dir='ltr'><strong>ΙΙΙ,</strong></span> <span class='ocrx_word' id='word_1_112' title='bbox 430 2345 483 2414; x_wconf 89' lang='lat'>18.</span> <span class='ocrx_word' id='word_1_113' title='bbox 503 2346 560 2437; x_wconf 84' lang='lat'>58.</span> <span class='ocrx_word' id='word_1_114' title='bbox 588 2343 653 2431; x_wconf 89' lang='lat' dir='ltr'>lV,</span> <span class='ocrx_word' id='word_1_115' title='bbox 675 2367 730 2439; x_wconf 83' lang='lat'>73.</span> <span class='ocrx_word' id='word_1_116' title='bbox 746 2364 814 2416; x_wconf 88' lang='lat' dir='ltr'>etc.</span> <span class='ocrx_word' id='word_1_117' title='bbox 836 2366 923 2440; x_wconf 87' lang='lat' dir='ltr'>quas</span> <span class='ocrx_word' id='word_1_118' title='bbox 951 2362 1066 2416; x_wconf 90' lang='lat' dir='ltr'>utrum</span> <span class='ocrx_word' id='word_1_119' title='bbox 1089 2339 1240 2415; x_wconf 84' lang='lat' dir='ltr'>sumserit</span> 
     </span>
     <span class='ocr_line' id='line_1_17' title="bbox 265 2458 1241 2550; baseline 0 -16"><span class='ocrx_word' id='word_1_120' title='bbox 265 2459 457 2534; x_wconf 77' lang='lat' dir='ltr'>avidorio</span> <span class='ocrx_word' id='word_1_121' title='bbox 486 2465 519 2532; x_wconf 75' lang='grc' dir='ltr'>δι</span> <span class='ocrx_word' id='word_1_122' title='bbox 547 2458 611 2533; x_wconf 94' lang='lat' dir='ltr'>sub</span> <span class='ocrx_word' id='word_1_123' title='bbox 639 2461 780 2534; x_wconf 92' lang='lat' dir='ltr'>nomine</span> <span class='ocrx_word' id='word_1_124' title='bbox 805 2460 867 2534; x_wconf 93' lang='lat' dir='ltr'>suo</span> <span class='ocrx_word' id='word_1_125' title='bbox 894 2459 1053 2550; x_wconf 89' lang='lat' dir='ltr'>ediderit,</span> <span class='ocrx_word' id='word_1_126' title='bbox 1084 2482 1129 2534; x_wconf 87' lang='lat' dir='ltr'>an</span> <span class='ocrx_word' id='word_1_127' title='bbox 1157 2485 1241 2534; x_wconf 93' lang='lat' dir='ltr'>cum</span> 
     </span>
     <span class='ocr_line' id='line_1_18' title="bbox 266 2576 1241 2674; baseline 0.004 -27"><span class='ocrx_word' id='word_1_128' title='bbox 266 2576 434 2666; x_wconf 73' lang='lat' dir='ltr'>Victorio,</span> <span class='ocrx_word' id='word_1_129' title='bbox 456 2577 493 2650; x_wconf 92' lang='lat' dir='ltr'>id</span> <span class='ocrx_word' id='word_1_130' title='bbox 510 2579 605 2673; x_wconf 93' lang='lat' dir='ltr'>quod</span> <span class='ocrx_word' id='word_1_131' title='bbox 632 2579 745 2674; x_wconf 90' lang='lat' dir='ltr'>potuit</span> <span class='ocrx_word' id='word_1_132' title='bbox 761 2578 931 2669; x_wconf 91' lang='lat' dir='ltr'>accidere,</span> <span class='ocrx_word' id='word_1_133' title='bbox 958 2579 994 2651; x_wconf 92' lang='lat' dir='ltr'>in</span> <span class='ocrx_word' id='word_1_134' title='bbox 1017 2578 1140 2652; x_wconf 88' lang='lat' dir='ltr'>eadem</span> <span class='ocrx_word' id='word_1_135' title='bbox 1155 2603 1241 2652; x_wconf 88' lang='lat' dir='ltr'>con-</span> 
     </span>
     <span class='ocr_line' id='line_1_19' title="bbox 261 2694 1241 2794; baseline 0.001 -26"><span class='ocrx_word' id='word_1_136' title='bbox 261 2694 402 2794; x_wconf 69' lang='lat' dir='ltr'>jeslurae</span> <span class='ocrx_word' id='word_1_137' title='bbox 431 2696 574 2794; x_wconf 88' lang='lat' dir='ltr'>vestigia</span> <span class='ocrx_word' id='word_1_138' title='bbox 601 2697 792 2789; x_wconf 89' lang='lat' dir='ltr'>incurrerit,</span> <span class='ocrx_word' id='word_1_139' title='bbox 834 2724 905 2772; x_wconf 93' lang='lat' dir='ltr'>non</span> <span class='ocrx_word' id='word_1_140' title='bbox 937 2698 1084 2770; x_wconf 87' lang='lat' dir='ltr'>audeam</span> <span class='ocrx_word' id='word_1_141' title='bbox 1113 2697 1241 2770; x_wconf 89' lang='lat' dir='ltr'>dicere.</span> 
     </span>
     <span class='ocr_line' id='line_1_20' title="bbox 267 2815 1239 2908; baseline 0.002 -21"><span class='ocrx_word' id='word_1_142' title='bbox 267 2817 312 2887; x_wconf 93' lang='lat' dir='ltr'>ln</span> <span class='ocrx_word' id='word_1_143' title='bbox 339 2815 525 2888; x_wconf 88' lang='lat' dir='ltr'>Germania</span> <span class='ocrx_word' id='word_1_144' title='bbox 547 2815 624 2888; x_wconf 88' lang='lat' dir='ltr'>usus</span> <span class='ocrx_word' id='word_1_145' title='bbox 640 2817 689 2889; x_wconf 90' lang='lat' dir='ltr'>est</span> <span class='ocrx_word' id='word_1_146' title='bbox 712 2816 864 2889; x_wconf 88' lang='lat' dir='ltr'>editione</span> <span class='ocrx_word' id='word_1_147' title='bbox 888 2817 955 2890; x_wconf 91' lang='lat' dir='ltr'>alia</span> <span class='ocrx_word' id='word_1_148' title='bbox 977 2817 1095 2890; x_wconf 89' lang='lat' dir='ltr'>Italica</span> <span class='ocrx_word' id='word_1_149' title='bbox 1110 2835 1239 2908; x_wconf 90' lang='lat' dir='ltr'>vetere,</span> 
     </span>
     <span class='ocr_line' id='line_1_21' title="bbox 267 2931 1241 3032; baseline 0.001 -26"><span class='ocrx_word' id='word_1_150' title='bbox 267 2934 314 3006; x_wconf 92' lang='lat' dir='ltr'>de</span> <span class='ocrx_word' id='word_1_151' title='bbox 330 2958 399 3028; x_wconf 90' lang='lat' dir='ltr'>qua</span> <span class='ocrx_word' id='word_1_152' title='bbox 414 2931 500 3004; x_wconf 86' lang='lat' dir='ltr'>infra</span> <span class='ocrx_word' id='word_1_153' title='bbox 513 2935 534 3023; x_wconf 92' lang='lat'><em>†</em></span> <span class='ocrx_word' id='word_1_154' title='bbox 550 2934 717 3007; x_wconf 90' lang='lat' dir='ltr'>dicemus.</span> <span class='ocrx_word' id='word_1_155' title='bbox 745 2936 786 3007; x_wconf 94' lang='lat' dir='ltr'>In</span> <span class='ocrx_word' id='word_1_156' title='bbox 798 2936 1012 3032; x_wconf 87' lang='lat' dir='ltr'>Agricola&amp;</span> <span class='ocrx_word' id='word_1_157' title='bbox 1025 2934 1179 3031; x_wconf 88' lang='lat' dir='ltr'>Dialogo</span> <span class='ocrx_word' id='word_1_158' title='bbox 1195 2931 1241 3007; x_wconf 92' lang='lat' dir='ltr'>de</span> 
     </span>
     <span class='ocr_line' id='line_1_22' title="bbox 269 3049 1245 3148; baseline 0.002 -24"><span class='ocrx_word' id='word_1_159' title='bbox 269 3050 469 3124; x_wconf 83' lang='lat' dir='ltr'>Oratoribus</span> <span class='ocrx_word' id='word_1_160' title='bbox 485 3049 556 3123; x_wconf 94' lang='lat' dir='ltr'>solo</span> <span class='ocrx_word' id='word_1_161' title='bbox 571 3051 714 3148; x_wconf 91' lang='lat' dir='ltr'>ingenio</span> <span class='ocrx_word' id='word_1_162' title='bbox 726 3052 804 3126; x_wconf 92' lang='lat' dir='ltr'>usus</span> <span class='ocrx_word' id='word_1_163' title='bbox 819 3054 878 3126; x_wconf 62' lang='lat' dir='ltr'>esi</span> <span class='ocrx_word' id='word_1_164' title='bbox 927 3054 1090 3126; x_wconf 88' lang='lat' dir='ltr'>Ceterum</span> <span class='ocrx_word' id='word_1_165' title='bbox 1108 3052 1245 3126; x_wconf 89' lang='lat' dir='ltr'>addidit</span> 
     </span>
     <span class='ocr_line' id='line_1_23' title="bbox 270 3168 1246 3265; baseline 0.001 -23"><span class='ocrx_word' id='word_1_166' title='bbox 270 3168 368 3242; x_wconf 90' lang='lat' dir='ltr'>initio</span> <span class='ocrx_word' id='word_1_167' title='bbox 388 3169 502 3265; x_wconf 88' lang='lat' dir='ltr'>operis</span> <span class='ocrx_word' id='word_1_168' title='bbox 519 3168 708 3262; x_wconf 56' lang='lat' dir='ltr'>thesaurum</span> <span class='ocrx_word' id='word_1_169' title='bbox 731 3172 976 3263; x_wconf 70' lang='lat' dir='ltr'>construliionum</span> <span class='ocrx_word' id='word_1_170' title='bbox 1004 3172 1044 3243; x_wconf 57' lang='grc' dir='ltr'>ΕΒ</span> <span class='ocrx_word' id='word_1_171' title='bbox 1066 3174 1246 3243; x_wconf 83' lang='lat' dir='ltr'>locutionum</span> 
     </span>
     <span class='ocr_line' id='line_1_24' title="bbox 272 3287 1248 3378; baseline 0.003 -18"><span class='ocrx_word' id='word_1_172' title='bbox 272 3289 313 3360; x_wconf 82' lang='lat'><em>&amp;</em></span> <span class='ocrx_word' id='word_1_173' title='bbox 337 3312 443 3359; x_wconf 85' lang='lat' dir='ltr'>vocum</span> <span class='ocrx_word' id='word_1_174' title='bbox 465 3288 574 3358; x_wconf 76' lang='lat' dir='ltr'>Tacito</span> <span class='ocrx_word' id='word_1_175' title='bbox 589 3288 776 3378; x_wconf 81' lang='lat' dir='ltr'>solennium,</span> <span class='ocrx_word' id='word_1_176' title='bbox 803 3287 913 3361; x_wconf 89' lang='lat' dir='ltr'>citatis</span> <span class='ocrx_word' id='word_1_177' title='bbox 936 3288 1040 3361; x_wconf 90' lang='lat' dir='ltr'>etiam</span> <span class='ocrx_word' id='word_1_178' title='bbox 1068 3314 1113 3361; x_wconf 86' lang='lat' dir='ltr'>ex</span> <span class='ocrx_word' id='word_1_179' title='bbox 1137 3289 1248 3363; x_wconf 90' lang='lat' dir='ltr'>Livio</span> 
     </span>
     <span class='ocr_line' id='line_1_25' title="bbox 273 3403 1249 3503; baseline 0.006 -26"><span class='ocrx_word' id='word_1_180' title='bbox 273 3407 478 3503; x_wconf 89' lang='lat' dir='ltr'>plerumque</span> <span class='ocrx_word' id='word_1_181' title='bbox 492 3403 694 3478; x_wconf 89' lang='lat' dir='ltr'>testimoniis</span> <span class='ocrx_word' id='word_1_182' title='bbox 710 3433 718 3477; x_wconf 73' lang='grc' dir='ltr'><strong><em>ε</em></strong></span> <span class='ocrx_word' id='word_1_183' title='bbox 745 3431 850 3502; x_wconf 90' lang='lat' dir='ltr'>quem</span> <span class='ocrx_word' id='word_1_184' title='bbox 866 3406 1024 3480; x_wconf 89' lang='lat' dir='ltr'>libellum</span> <span class='ocrx_word' id='word_1_185' title='bbox 1039 3407 1165 3481; x_wconf 70' lang='lat' dir='ltr'>redius</span> <span class='ocrx_word' id='word_1_186' title='bbox 1181 3407 1249 3483; x_wconf 86' lang='lat' dir='ltr'>suis</span> 
     </span>
     <span class='ocr_line' id='line_1_26' title="bbox 272 3522 1248 3620; baseline 0.004 -24"><span class='ocrx_word' id='word_1_187' title='bbox 272 3522 498 3612; x_wconf 86' lang='lat' dir='ltr'>editionibus,</span> <span class='ocrx_word' id='word_1_188' title='bbox 533 3525 699 3619; x_wconf 85' lang='lat' dir='ltr'>exemplo</span> <span class='ocrx_word' id='word_1_189' title='bbox 737 3525 817 3597; x_wconf 89' lang='lat' dir='ltr'>Seb.</span> <span class='ocrx_word' id='word_1_190' title='bbox 845 3524 1008 3620; x_wconf 90' lang='lat' dir='ltr'>Gryphii,</span> <span class='ocrx_word' id='word_1_191' title='bbox 1037 3525 1248 3600; x_wconf 78' lang='lat' dir='ltr'>addidissent</span> 
     </span>
     <span class='ocr_line' id='line_1_27' title="bbox 273 3640 1249 3740; baseline 0.008 -29"><span class='ocrx_word' id='word_1_192' title='bbox 273 3641 457 3730; x_wconf 92' lang='lat' dir='ltr'>Gronovii,</span> <span class='ocrx_word' id='word_1_193' title='bbox 483 3640 758 3737; x_wconf 87' lang='lat' dir='ltr'>quam.Salinerii</span> <span class='ocrx_word' id='word_1_194' title='bbox 774 3660 890 3731; x_wconf 88' lang='lat' dir='ltr'>notas,</span> <span class='ocrx_word' id='word_1_195' title='bbox 916 3666 1001 3738; x_wconf 90' lang='lat' dir='ltr'>quas</span> <span class='ocrx_word' id='word_1_196' title='bbox 1015 3643 1076 3740; x_wconf 85' lang='lat' dir='ltr'>ipsr</span> <span class='ocrx_word' id='word_1_197' title='bbox 1094 3647 1249 3740; x_wconf 88' lang='lat' dir='ltr'>plerum·</span> 
     </span>
     <span class='ocr_line' id='line_1_28' title="bbox 273 3756 1249 3857; baseline 0.009 -30"><span class='ocrx_word' id='word_1_198' title='bbox 273 3781 342 3852; x_wconf 90' lang='lat' dir='ltr'>que</span> <span class='ocrx_word' id='word_1_199' title='bbox 360 3757 556 3855; x_wconf 86' lang='lat' dir='ltr'>nugatorias</span> <span class='ocrx_word' id='word_1_200' title='bbox 573 3760 639 3830; x_wconf 84' lang='lat' dir='ltr'>esse</span> <span class='ocrx_word' id='word_1_201' title='bbox 655 3756 824 3855; x_wconf 90' lang='lat' dir='ltr'>judicant.</span> <span class='ocrx_word' id='word_1_202' title='bbox 879 3759 1043 3857; x_wconf 89' lang='lat' dir='ltr'>Denique</span> <span class='ocrx_word' id='word_1_203' title='bbox 1059 3762 1188 3836; x_wconf 83' lang='lat' dir='ltr'>Alciati</span> <span class='ocrx_word' id='word_1_204' title='bbox 1213 3766 1249 3836; x_wconf 76' lang='lat' dir='ltr'>dr</span> 
     </span>
     <span class='ocr_line' id='line_1_29' title="bbox 272 3870 1249 3973; baseline 0.011 -27"><span class='ocrx_word' id='word_1_205' title='bbox 272 3870 429 3947; x_wconf 86' lang='lat' dir='ltr'>Beroaldi</span> <span class='ocrx_word' id='word_1_206' title='bbox 445 3894 536 3949; x_wconf 85' lang='lat' dir='ltr'>notae</span> <span class='ocrx_word' id='word_1_207' title='bbox 564 3873 830 3973; x_wconf 76' lang='lat' dir='ltr'>&amp;praefationes</span> <span class='ocrx_word' id='word_1_208' title='bbox 856 3877 985 3954; x_wconf 83' lang='lat' dir='ltr'>additae</span> <span class='ocrx_word' id='word_1_209' title='bbox 1007 3879 1086 3954; x_wconf 90' lang='lat' dir='ltr'>sunt</span> <span class='ocrx_word' id='word_1_210' title='bbox 1105 3904 1151 3955; x_wconf 82' lang='lat' dir='ltr'>ex</span> <span class='ocrx_word' id='word_1_211' title='bbox 1174 3880 1249 3957; x_wconf 86' lang='lat' dir='ltr'>edi·</span> 
     </span>
    </p>
   </div>
   <div class='ocr_carea' id='block_1_2' title="bbox 0 0 1527 5138">
    <p class='ocr_par' dir='ltr' id='par_1_3' title="bbox 0 0 1527 5138">
     <span class='ocr_line' id='line_1_30' title="bbox 0 0 1527 5138; baseline 0 0"><span class='ocrx_word' id='word_1_212' title='bbox 0 0 1527 5138; x_wconf 95' lang='lat' dir='ltr'> </span> 
     </span>
    </p>
   </div>
  </div>
 </body>
</html>
