2986 5138
337 589 362 642 Χ

337 736 469 825 videat,
494 735 676 827 cuilubet,
701 736 829 810 librum
845 733 1003 809 Boemeri
1028 736 1065 804 τί
1088 733 1240 834 μακαρίτε
1264 734 1311 808 de

338 856 460 953 graecis
495 855 669 927 literarum
698 855 734 927 in
759 856 856 928 ltalia
882 854 1159 927 instauratoribus
1191 880 1225 950 p.
1250 858 1309 951 67.

340 979 399 1047 68.
449 977 540 1047 Inter
557 974 702 1047 Codices
730 998 831 1072 porro
847 971 1117 1061 Ottobonianos,
1140 972 1309 1069 Neapoli·

338 1113 451 1184 tanos,
485 1096 518 1166 S.
552 1092 695 1188 Joannis
727 1093 773 1165 in'
796 1090 1017 1179 Carbonaria,
1051 1090 1310 1181 Caesenatenses,

338 1212 451 1285 Taciti
468 1211 546 1284 libri
563 1211 643 1284 inde
660 1213 704 1284 ab
722 1213 785 1284 XI.
803 1218 897 1283 Ann.
912 1209 1139 1306 reperiuntur,
1167 1209 1225 1283 sed
1242 1209 1312 1283 fere

336 1331 532 1405 recentioris
556 1329 742 1427 scripturae.
806 1332 913 1402 Extat
941 1328 1046 1401 etiam
1074 1329 1199 1402 Codex
1229 1332 1310 1403 MS.

338 1453 622 1524 membranaceus
648 1449 684 1521 in
711 1448 925 1521 Bibliotheca
950 1447 1074 1520 Ducali
1103 1446 1312 1544 Guelferby-

338 1589 432 1658 tana,
456 1567 553 1666 cujus
570 1567 654 1639 mihi
672 1566 748 1640 usus
773 1568 923 1664 benign'e
951 1567 1125 1638 conceffus
1151 1566 1229 1639 fuit.
1278 1570 1313 1641 Is

338 1689 405 1762 fuit
422 1689 506 1761 olim
524 1691 563 1759 P.
581 1686 743 1776 Candidi,
778 1685 838 1782 qui
853 1684 911 1759 sua
928 1710 1033 1758 manu
1050 1684 1086 1756 in
1104 1685 1193 1758 libro
1210 1684 1314 1784 scrip-

339 1813 393 1899 fit,
421 1811 464 1882 ab
481 1806 513 1881 se
529 1827 661 1878 emtum
678 1808 744 1878 elle
771 1805 946 1894 Ferrariae,
976 1808 1022 1877 A.
1045 1804 1314 1880 MCCCCLXI.

339 1930 397 2002 die
414 1931 503 2000 lunae
527 1927 683 2000 XXVIII
700 1928 795 2021 Sept.
813 1950 834 1997 a
850 1922 1042 1997 Franscisco
1057 1943 1174 1996 autem
1190 1925 1316 2000 Media

339 2051 450 2121 Barba
466 2045 593 2142 Birago
616 2045 712 2116 dono
737 2043 786 2116 est
809 2045 909 2117 datus
936 2043 1151 2141 Marquardo
1178 2045 1312 2135 Gudio,

339 2192 384 2240 ex
402 2165 496 2263 cujus
513 2162 727 2235 Bibliotheca
743 2161 779 2233 in
791 2163 1096 2258 Guelferbytanam
1109 2162 1215 2234 venit.
1247 2163 1317 2239 Sed

341 2287 386 2358 de
403 2287 472 2356 hoc
485 2285 506 2372 l
519 2283 649 2354 Codice
662 2280 748 2354 infra
760 2282 915 2377 pluribus
927 2281 1055 2354 dicam.
1080 2281 1202 2354 Minor
1212 2281 1318 2381 scrip·

340 2421 457 2475 torum
476 2426 636 2474 numerus
652 2401 700 2473 est
717 2401 751 2473 in
769 2401 959 2475 minoribus
977 2401 1116 2491 libellis,
1144 2401 1204 2499 qui
1232 2427 1316 2478 curn

342 2521 457 2596 Taciti
475 2520 670 2595 Annalibus
695 2526 728 2594 δι
756 2521 922 2594 Historiis
937 2524 1098 2610 eduntur,
1134 2521 1316 2613 Germania,

343 2644 504 2737 Agricola,
532 2644 565 2712 δι
584 2640 628 2712 de
646 2641 830 2714 Oratoribus
843 2643 985 2737 Dialaga.
1018 2636 1123 2739 'Qud
1142 2668 1185 2714 ex
1204 2642 1244 2715 iis
1262 2668 1317 2715 re·

344 2760 493 2858 periatur
509 2760 544 2830 in
557 2758 743 2848 Vaticanis,
761 2759 897 2856 Lipsius
914 2787 986 2835 non
1004 2762 1122 2852 tradit,
1141 2761 1201 2835 nist
1219 2763 1318 2859 quod

343 2879 536 2976 Dialogum
547 2880 592 2951 ab
604 2878 643 2951 iis
659 2878 776 2951 afuille
791 2877 915 2952 scribit.
952 2879 1109 2952 Libellus
1125 2881 1170 2951 de
1182 2880 1318 2955 Morib.

344 3003 465 3073 Germ.
484 2996 664 3094 separatim
680 3017 818 3071 notatur
843 2997 877 3069 in
902 3000 1003 3072 MSS.
1022 2997 1194 3071 Mediceae
1211 2998 1320 3072 Bibli-

344 3121 474 3191 othecae
509 3118 595 3213 plut.
627 3140 683 3212 73.
716 3143 750 3188 n.
778 3140 811 3213 5.
840 3143 897 3213 ap.
934 3116 1252 3190 Montefalconium
1281 3144 1318 3214 p.

348 3243 428 3335 381.
449 3243 483 3310 &
506 3236 541 3308 in
568 3236 667 3309 MSS.
685 3235 907 3309 Bibliotheca
924 3235 1082 3309 Norfolc.
1102 3236 1136 3307 in
1159 3235 1319 3334 Collegio

345 3358 595 3445 Grelhamenfi,
614 3356 711 3452 quod
727 3356 882 3428 londini
895 3356 955 3428 est.
995 3354 1261 3428 Arundellianus
1277 3354 1319 3426 li-

346 3480 420 3566 ber,
435 3474 531 3574 cujus
548 3496 709 3572 excerpta
723 3476 819 3548 dedit
833 3477 918 3547 Abr.
933 3474 1144 3564 Gronovius,
1159 3477 1202 3545 V.
1215 3475 1257 3547 C.
1269 3475 1320 3548 est

345 3596 403 3668 ille
432 3595 514 3691 ipse,
553 3594 612 3690 qui
641 3594 704 3668 sub
730 3594 978 3667 Pirckbeimeri
1012 3593 1153 3666 nomine
1186 3592 1320 3668 laudari

345 3713 442 3803 solet,
468 3733 506 3785 ut
524 3733 643 3785 monet
654 3717 687 3808 J.
706 3717 763 3786 Fr.
778 3713 989 3802 Gronovius,
1019 3714 1062 3785 ad
1080 3715 1199 3785 Germ.
1211 3738 1242 3785 c.
1265 3739 1320 3785 11.

346 3834 404 3905 De
421 3833 509 3904 libro
525 3833 765 3929 Bambergenfi
783 3831 880 3929 supra
903 3831 1056 3905 eModii
1080 3831 1223 3929 epistola
1244 3831 1320 3904 dic·

348 3969 426 4029 tum
442 3950 507 4025 est:
529 3951 656 4044 &de†
673 3951 852 4027 Turicenfi
865 3943 951 4027 irlfra
966 3951 1111 4027 dicetur.
1142 3950 1321 4055 Agricola
