2986 5138
329 609 398 656 202
594 582 635 652 C.
661 581 906 656 Consum
936 581 1116 655 Tucim

326 757 453 830 eddem
479 755 548 829 loci
567 735 805 852 potentiam&
830 755 1053 829 concordiam
1070 757 1155 850 else)
1178 781 1302 854 aequus

324 875 611 963 adolescentibus,
637 895 698 947 aut
716 875 805 948 certe
822 901 894 947 non
920 875 1081 948 adversus
1098 878 1302 950 habebatur.

331 995 425 1067 Exin
459 1014 558 1067 vetus
587 1001 620 1067 δι
647 994 736 1090 saepe
762 997 959 1067 simulatum
994 993 1231 1089 proficiscendi
1263 996 1301 1068 in

328 1114 520 1211 provincias
538 1112 717 1186 consilium
734 1113 892 1187 refertur:
922 1113 1222 1188 “multitudinem
1240 1141 1302 1188 ve-

325 1241 353 1275 “
372 1233 594 1305 tetanorum’'
611 1236 823 1326 praetexebat
840 1236 1048 1329 Imperator,
1063 1237 1095 1305 &
1115 1240 1142 1276 “
1156 1236 1300 1308 delecti·

329 1360 357 1396 “
376 1355 440 1425 bus
473 1350 681 1447 supplendos
712 1351 903 1424 exercitus:
948 1377 1029 1424 nam
1063 1352 1302 1426 voluntarium

329 1470 524 1544 “militem
554 1471 686 1554 deesse3
714 1496 754 1542 ac
785 1474 806 1542 si
839 1469 1049 1566 suppeditet,
1076 1496 1148 1543 non
1177 1473 1306 1559 eddem

328 1591 506 1661 “virtute
538 1613 578 1659 ac
612 1589 777 1661 modestis
811 1615 936 1687 agere:
981 1591 1063 1686 quia
1096 1592 1304 1689 plemmque

329 1709 495 1804 “inopes
524 1733 564 1779 ac
590 1707 671 1804 vagi
696 1705 817 1804 sponte
835 1709 993 1781 militiam
1009 1710 1143 1782 sumant
1159 1712 1196 1783 :”
1221 1736 1302 1807 per-

328 1828 526 1925 censuitque
554 1830 679 1898 curfim
708 1854 893 1901 numerum
924 1828 1120 1925 legionum,
1159 1833 1303 1924 &quas

327 1947 520 2047 provincias
548 1966 750 2019 tutarentur.
800 1948 907 2045 Qiod
927 1947 1013 2019 mihi
1039 1972 1180 2045 quoque
1206 1946 1303 2019 exse·

327 2070 509 2166 quendum
534 2091 621 2155 reor,
660 2092 738 2161 quae
766 2087 842 2138 tum
877 2071 1040 2139 Romana
1067 2067 1168 2162 copia
1186 2067 1223 2139 in
1249 2092 1304 2139 ar-

329 2188 410 2277 mis,
438 2186 497 2283 qui
515 2184 595 2259 socii
619 2210 730 2282 reges,
757 2184 888 2282 quantd
906 2191 944 2258 fit
962 2184 1141 2283 angustius
1158 2186 1302 2282 imperi-

328 2328 451 2380 tatum.

326 2487 329 2490 ,
376 2428 421 2495 V.
439 2427 618 2497 lenmnu
645 2443 794 2520 utroque
820 2423 905 2497 mari
931 2426 1009 2496 duae
1036 2425 1167 2513 classes,
1193 2422 1304 2498 Mise-

329 2568 416 2618 num
438 2543 534 2638 apud
563 2548 597 2614 δι
629 2546 852 2633 Ravennam,
880 2544 1156 2640 proximumque
1179 2541 1304 2614 Galliae

328 2665 411 2738 litus
441 2661 589 2748 rostratae
627 2687 731 2734 naves
764 2665 1005 2759 possidebant,
1041 2688 1127 2759 quas
1158 2661 1305 2734 Actiaca

328 2782 472 2854 vietoril
496 2801 612 2876 captas
632 2782 809 2879 Augustus
829 2781 863 2853 in
883 2783 1054 2878 oppidum
1072 2777 1304 2878 Forojuliense

329 2901 478 2989 miserat,
506 2901 623 2972 valido
640 2928 721 2973 eum
739 2901 881 2997 remige.
931 2902 998 2973 Sed
1017 2901 1232 2997 praecipuum
1245 2925 1303 2971 ro·

329 3026 394 3095 bur
411 3025 577 3094 Rhenum
590 3020 705 3118 juxta,
733 3046 922 3093 commune
950 3021 986 3092 in
1006 3024 1199 3094 Germanos
1217 3021 1303 3092 Gal·

329 3141 663 3240 losquesubsidium,
691 3143 770 3212 odo
796 3140 948 3238 legiones
966 3161 1070 3212 erant.
1122 3139 1303 3236 Hispaniae

327 3265 444 3336 recens
474 3260 689 3358 perdomitae,
728 3259 836 3331 tribus
865 3261 1093 3331 habebuntur.
1155 3261 1304 3331 Mauros

328 3385 421 3475 Juba
438 3408 499 3454 rex
518 3400 710 3475 acceperat,
736 3380 870 3449 donum
889 3378 1010 3474 populi
1031 3379 1196 3450 Romani.
1234 3378 1303 3449 Ce-

328 3530 398 3576 tera
428 3503 569 3586 Asticae,
599 3524 658 3593 per
677 3499 761 3569 (luas
785 3498 953 3594 legiones,
983 3498 1127 3594 parique
1157 3523 1305 3571 numero

328 3625 529 3720 AEgyptus:
559 3617 685 3688 dehinc
711 3616 810 3687 initio
836 3620 881 3689 ab
909 3618 1002 3711 Syris
1026 3617 1133 3713 usque
1159 3619 1202 3688 ad
1237 3619 1302 3687 slu-

327 3768 408 3814 men
437 3742 652 3836 Euphraten,
680 3756 850 3831 quantum
880 3736 1011 3833 ingenti
1041 3757 1211 3808 tetrarum
1231 3736 1303 3805 sinu

327 3859 492 3946 ambitur,
520 3878 666 3952 quatuor
693 3855 888 3950 legionibus
918 3855 1089 3939 coercita3
1117 3853 1243 3926 accolis
1267 3853 1302 3922 l-

328 3983 424 4068 ber0,
450 3979 675 4070 Albanoque,
703 3978 736 4046 8(
766 3973 839 4048 aliis
866 3972 1020 4072 regibuS,
1047 3974 1108 4070 qui
1126 3969 1302 4070 magnitu-
