2986 5138
345 557 411 628 186
564 554 607 627 C.
645 554 889 629 corruam
918 554 1097 629 Tncrrt

340 734 368 770 “
386 725 597 824 septemviris
613 731 710 801 simul
723 734 755 803 dr
769 728 939 803 sodalibus
958 726 1207 827 Arigrrstalibus
1224 727 1310 801 cde·

342 852 371 889 “
390 849 501 920 rent.’‘
541 844 725 921 Censuerat
753 850 800 921 L„
837 848 1025 945 Apronius,
1065 855 1092 890 “
1110 868 1148 920 ut
1172 845 1314 923 feciales

342 974 370 1011 “
389 992 531 1065 quoque
556 966 597 1039 iis
615 967 703 1040 ludis
721 970 934 1065 praefiderent
948 969 984 1040 :”
1003 967 1211 1040 contradixit
1227 971 1312 1043 Cae·

339 1085 404 1177 sar,
430 1086 592 1159 distincto
617 1086 886 1160 sacerdotiorum
904 1086 997 1185 jure,
1029 1093 1062 1161 δι
1081 1088 1230 1184 repetitis
1246 1112 1311 1163 ex·

340 1206 490 1303 emplis:
524 1214 684 1304 “neque
711 1205 805 1279 enim
837 1232 1007 1304 umquam
1036 1206 1211 1282 fecialibus
1240 1212 1313 1284 hoe

343 1333 371 1370 “
388 1325 569 1425 majestatis
586 1324 696 1399 fuisse.
712 1328 796 1398 Ideo
819 1326 1028 1423 Augustales
1044 1325 1205 1419 adiecto&
1224 1328 1314 1426 quia

344 1447 568 1543 “proprium
613 1444 684 1543 ejus
717 1447 843 1519 dombs
865 1444 1091 1520 sacerdotium
1126 1449 1220 1539 esset,
1246 1470 1315 1545 pro

344 1574 371 1609 “
392 1571 460 1664 qula
487 1588 569 1637 vota
597 1567 907 1662 persolverentur.”

391 1688 508 1759 LXV.
533 1688 711 1772 Exsnoor
742 1683 921 1759 sententias
953 1686 1046 1758 haud
1073 1684 1212 1775 institui,
1250 1686 1314 1763 nisi

344 1804 492 1903 insignes
520 1830 580 1902 per
608 1804 805 1894 honestum,
841 1824 899 1877 aut
935 1805 1079 1879 notabili
1112 1806 1310 1881 dedecore:

344 1926 441 2022 quod
459 1924 672 2021 praecipuum
698 1950 825 1998 munus
846 1925 1022 1998 annalium
1053 1950 1144 2014 reor,
1169 1950 1213 1999 ne
1238 1926 1313 2000 vir·

344 2064 433 2117 tutes
466 2045 634 2133 sileantur,
667 2066 776 2142 utque
803 2044 916 2141 pravis
946 2045 1047 2118 dictis
1075 2042 1238 2143 factisque
1265 2070 1313 2123 ex

344 2162 535 2262 posteritate
552 2169 585 2237 bt
604 2162 744 2237 insamilt
761 2186 873 2238 metus
891 2167 940 2237 sit.
976 2166 1137 2238 Ceterum
1155 2186 1315 2264 tempora

345 2285 405 2358 illa
421 2282 508 2356 adeo
525 2281 663 2371 infecta,
690 2288 723 2355 δι
758 2284 954 2358 adulatione
980 2282 1114 2357 sordida
1139 2284 1249 2378 suere,
1274 2306 1315 2361 ut

346 2429 417 2477 non
434 2401 542 2475 modo
564 2401 732 2499 primores
749 2401 910 2494 civitatis,
924 2402 1050 2501 quibus
1066 2404 1233 2480 claritudo
1255 2407 1316 2484 suu

346 2520 517 2618 obsequiis
535 2521 749 2617 protegenda
765 2543 860 2608 erat;
886 2522 942 2596 sed
959 2548 1080 2596 omnes
1104 2524 1312 2618 consulares,

346 2666 474 2738 magna
500 2666 577 2736 pars
601 2665 735 2729 eorum,
756 2641 816 2738 qui
832 2646 977 2738 praetural
996 2641 1118 2732 functi,
1143 2647 1316 2745 multique

347 2763 451 2835 etiam
469 2759 598 2858 pedarii
626 2758 792 2834 senatores
811 2764 964 2836 certatim
981 2763 1215 2861 exsurgerent,
1247 2764 1314 2841 soe-

347 2882 462 2978 daque
502 2884 534 2952 u
566 2879 671 2953 nimia
695 2881 877 2955 censerent.
936 2885 1117 2956 Memoria
1141 2886 1314 2980 proditur,

346 3000 544 3089 Tiberium,
588 3001 747 3097 quotiens
787 3003 879 3075 curili
914 3006 1148 3101 egrederetur,
1183 3007 1315 3081 Graecis

348 3120 462 3193 verbis
488 3120 522 3192 in
548 3122 640 3194 hunc
659 3123 805 3193 modum
828 3123 942 3219 eloqui
965 3122 1115 3213 solitum,
1144 3130 1162 3193 6
1183 3128 1316 3199 homines

347 3245 391 3313 ad
411 3242 600 3337 servitutem
628 3244 780 3337 paratos!
816 3241 939 3316 scilicet
973 3245 1077 3318 etiam
1102 3246 1214 3334 illurn,
1252 3248 1315 3344 qui

349 3364 539 3437 libertatern
558 3362 732 3458 publicam
751 3365 872 3453 nollet,
890 3384 961 3437 tam
986 3364 1143 3462 projecire
1168 3364 1316 3440 servien-

349 3483 439 3556 tium
466 3482 634 3578 patientiae
660 3485 818 3555 taedebat.

397 3606 530 3676 LXVI.
557 3605 801 3675 Pnunnnrrnr
829 3603 968 3695 debinc,
998 3609 1043 3679 ab
1078 3606 1247 3678 indecoris
1270 3608 1315 3679 ad

350 3721 468 3794 insesta
483 3719 827 3818 transgrediebantur.
876 3725 917 3794 C.
941 3725 1107 3814 Silanum,
1131 3726 1317 3822 proconsu-

349 3841 418 3912 lem
432 3844 534 3927 Asrae,
554 3843 821 3936 repetundarum
838 3869 858 3914 a
875 3842 972 3917 sociis
990 3845 1211 3940 postulatum,
1234 3848 1316 3919 Ma-

350 3983 484 4034 mercus
501 3961 646 4033 Scaurus
673 3985 692 4032 e
716 3959 964 4054 consularibus,
978 3964 1101 4060 Juniua
1113 3966 1210 4039 Otho
1227 3988 1316 4065 prae«
