2986 5138
482 606 804 685 Auuarrvnr
837 613 958 687 Lra.
991 616 1019 688 Ι.
1187 619 1233 716 65

264 800 328 852 nus
346 781 472 876 plebei,
490 782 743 881 increpitusque
759 786 808 857 est
826 785 934 857 Afinii
956 784 1049 856 Galli
1064 785 1230 876 oratione,

265 902 381 972 srlente
396 901 551 991 Tiberio,
571 902 630 998 qui
648 928 688 975 ea
704 906 881 975 simulacra
908 902 1070 976 libertatis
1102 904 1231 977 senatui

264 1021 463 1114 praebebat:
494 1020 602 1093 valuit
635 1041 751 1093 tamen
782 1022 985 1110 intercessio,
1018 1023 1100 1118 quia
1127 1023 1229 1094 divus

263 1137 443 1233 Augustus
475 1139 685 1211 “immunes
702 1143 884 1212 verberum
901 1139 1101 1211 histriones'’
1119 1167 1230 1237 quon·

262 1256 344 1326 dam
370 1254 602 1351 responderat,
641 1283 755 1355 neque
795 1259 844 1330 sas
875 1257 1021 1330 Tiberio
1046 1257 1232 1354 infringere

261 1373 353 1444 dicta
370 1371 453 1469 ejus.
502 1377 559 1446 De
586 1377 694 1447 modo
726 1377 862 1465 lucaris,
894 1381 928 1448 &
957 1377 1119 1447 adversus
1136 1374 1230 1448 lasci·

261 1490 356 1563 viam
366 1490 553 1582 fautorum,
572 1497 682 1567 multa
693 1497 947 1579 decernuntur;
973 1519 1017 1565 ex
1035 1495 1113 1590 quis
1130 1521 1229 1566 max-

262 1608 332 1679 ime
353 1609 518 1706 insignia:
552 1620 579 1654 “
592 1614 649 1684 Ne
673 1615 798 1686 domos
815 1611 1119 1685 Pantomimorum
1136 1609 1230 1683 sena-

263 1735 291 1769 “
308 1746 361 1800 tor
376 1725 554 1802 introiret:
582 1753 626 1803 ne
642 1733 854 1829 egredientes
871 1731 906 1802 in
919 1730 1112 1826 publicum,
1131 1729 1229 1827 equi-

260 1853 287 1890 “
304 1866 355 1919 tes
372 1848 527 1921 Romani
543 1848 744 1946 cingerent:
775 1871 833 1921 aut
843 1847 939 1936 alibi,
960 1848 1067 1943 quam
1084 1847 1119 1918 in
1136 1849 1231 1920 thea-

261 1972 288 2007 “
306 1984 374 2055 tro,
396 1964 650 2062 spestarentur:
681 1969 717 2039 &
730 1966 955 2063 spestantiuru
973 1965 1230 2038 immodestiam

260 2091 287 2126 “
305 2085 421 2157 exfilio
437 2087 607 2158 multandi
625 2087 773 2183 potestas
792 2085 995 2181 praetoribus
1012 2087 1146 2157 fieret.''

306 2205 510 2277 LXXVIII.
535 2207 740 2293 Tenentur
768 2226 807 2277 ut
836 2205 871 2276 in
900 2204 1035 2277 colonial
1062 2206 1228 2276 Tarraco-

260 2325 351 2393 nensi
367 2322 551 2395 strueretur
564 2325 739 2422 August0,
758 2324 954 2420 petentibus
966 2322 1131 2418 Hispanis
1148 2348 1226 2418 per-

260 2438 397 2512 missum
410 2469 421 2526 ;
451 2443 643 2539 datumque
669 2443 705 2514 in
737 2468 858 2515 omncs
886 2440 1080 2538 provincias
1107 2467 1226 2513 exem-

259 2559 369 2653 plum.
418 2561 647 2632 Centesrmam
677 2586 793 2633 rerum
821 2561 998 2632 venalium
1033 2560 1108 2655 post
1136 2560 1227 2632 bella

258 2675 373 2748 civilia
398 2678 586 2750 institutam
617 2681 824 2774 deprecante
853 2681 1000 2775 popuIO,
1029 2677 1138 2749 edixit
1162 2677 1226 2748 Ti·

258 2795 371 2867 berius
405 2796 588 2868 “militare
605 2797 765 2869 aerarium
783 2822 824 2868 eo
841 2797 987 2869 subsidio
1004 2795 1068 2866 niti
1085 2824 1093 2866 :
1126 2798 1225 2868 simul

260 2919 287 2953 “
305 2912 475 3007 imparem
490 2914 584 2986 oneri
598 2914 864 3011 rempublicam,
888 2915 946 2986 nist
973 2914 1134 2986 vicesimo
1161 2913 1226 2984 mi-

259 3037 286 3072 “
305 3030 384 3101 litiae
401 3056 491 3102 anno
509 3033 658 3104 veterani
671 3032 922 3104 dimitterentur
937 3034 972 3103 :''
995 3032 1041 3103 ita
1058 3031 1226 3127 proxirnae

256 3146 430 3221 seditionis
447 3151 536 3221 male
554 3148 721 3240 consulta,
745 3151 871 3247 quibus
899 3149 1072 3223 sexdecim
1098 3150 1225 3245 stipen-

257 3267 393 3339 diorum
409 3270 517 3340 finem
533 3272 774 3364 expresserant,
801 3271 928 3343 abolita
944 3270 979 3341 in
999 3269 1184 3366 posterum.

301 3388 474 3460 LXXIX.
505 3391 652 3460 Acrunr
669 3388 796 3461 deinde
813 3390 848 3460 in
864 3389 981 3461 senatu
996 3391 1040 3459 ab
1058 3383 1223 3456 Arruntio

256 3509 290 3577 δε
319 3505 436 3594 Ateio,
459 3531 503 3577 an
533 3509 580 3580 ob
605 3509 830 3579 moderandas
854 3505 992 3578 Tiberis
1016 3500 1223 3575 exundatio-

256 3649 315 3695 nes
332 3645 544 3696 verterentur
556 3625 702 3697 flumina
727 3626 763 3695 &
780 3627 886 3713 lacus,
916 3649 974 3720 per
991 3647 1080 3719 quos
1105 3617 1223 3715 auges·

254 3741 312 3813 cit.
377 3742 589 3839 Auditaeque
627 3743 893 3838 municipiorum
931 3747 964 3813 &
1004 3737 1222 3812 coloniarum

253 3860 453 3956 legationes,
476 3860 649 3932 orantibus
667 3861 884 3949 Florentinis,
917 3867 944 3902 “
963 3884 1005 3930 ne
1031 3856 1147 3929 Clanis
1168 3855 1219 3928 so-

256 3986 283 4019 “
302 3978 363 4051 lito
379 3981 479 4054 alveo
503 3979 665 4050 demotus
682 3979 718 4049 in
736 4002 876 4051 amnem
903 3983 1040 4050 Arnum
1062 3974 1220 4050 transser-

762 4098 791 4168 F
