2986 5138
1075 553 1137 607 xut

163 704 312 804 antiquis
340 702 456 778 libris:
487 706 644 802 dequo,
673 706 781 806 digna
806 706 867 797 est,
897 730 975 804 quae
1004 706 1138 803 legatur

163 822 335 898 Perizonii
354 822 448 920 praef.
478 824 522 897 ad
547 823 678 898 AEliani
696 826 776 898 Var.
796 825 976 899 Historias.
1027 825 1137 898 Deni-

164 969 234 1042 que
250 943 405 1039 plerique
421 943 567 1016 Codices
583 963 720 1016 tantum
732 944 924 1017 Annalium
941 949 976 1017 δι
987 945 1138 1018 Histori-

163 1085 262 1135 arum
278 1061 382 1135 libros
400 1062 581 1151 exhibent,
611 1064 666 1156 (δι
694 1062 731 1134 in
747 1082 905 1136 extremo
931 1064 1017 1137 alius
1038 1063 1137 1137 citius

164 1180 286 1254 definit
302 1180 389 1274 alio)
408 1183 504 1253 velut
520 1183 549 1252 F
550 1179 751 1270 lorentinus,
768 1181 944 1271 Budensrs,
963 1181 1138 1271 Vaticani,

164 1299 268 1373 ceteri
293 1300 385 1396 apud
402 1297 738 1388 Montefalconium,
776 1303 810 1372 δι
838 1298 1142 1397 Guelferbytanus.

162 1420 385 1492 Farnesranus
413 1418 571 1491 libellum
595 1420 640 1491 de
668 1419 859 1492 oratoribus
886 1419 1020 1508 habuit,
1046 1418 1140 1491 unde

161 1535 192 1609 is
209 1537 299 1610 liber
316 1539 487 1610 correctus
503 1538 551 1610 est
569 1564 590 1610 a
610 1536 742 1634 Lipsro.
793 1537 859 1610 Sed
873 1536 959 1610 illud
972 1540 1007 1611 in
1020 1536 1141 1635 primis

160 1654 311 1753 dignum
339 1654 521 1729 observatu
549 1656 612 1745 est,
634 1655 910 1731 animadversum
940 1663 974 1732 δι
1001 1657 1038 1730 in
1065 1656 1140 1731 aliis

165 1772 273 1863 libris,
306 1772 405 1871 quod
434 1797 555 1847 omnes
582 1772 699 1871 scripti
729 1774 821 1864 libri,
850 1777 1026 1874 equibus
1055 1773 1141 1848 editi

162 1893 273 1983 ducti,
303 1912 363 1966 aut
392 1893 453 1992 qui
476 1897 522 1967 ab
551 1893 690 1967 eruditis
715 1893 857 1991 inspedi
873 1894 965 1985 sunt,
995 1920 1040 1969 ex
1068 1918 1141 1968 uno

163 2011 298 2087 Codice
313 2036 435 2085 omnes
463 2015 605 2088 fluxere.
657 2012 802 2086 Monuit
818 2014 863 2086 de
879 2039 922 2087 eo
938 2014 1075 2088 dudum
1101 2015 1136 2107 J.

162 2133 219 2205 Fr.
236 2130 436 2204 Gronovius
448 2132 594 2205 Observ.
611 2135 656 2204 L.
674 2135 736 2205 lV.
754 2158 789 2229 p.
808 2157 866 2231 30.
886 2158 930 2208 ex
948 2135 1027 2206 loco
1041 2131 1140 2207 Hist.

162 2251 212 2341 11,
230 2253 288 2346 98.
312 2250 372 2323 ubi
390 2276 512 2324 omnes
527 2252 627 2325 MSS.
652 2250 787 2349 pariter,
813 2271 918 2349 atque
946 2250 1005 2325 tali
1032 2252 1141 2324 modo

162 2369 340 2467 depravati
366 2367 455 2457 sunt,
493 2390 532 2442 ut
559 2369 750 2467 planissime
773 2390 947 2466 appareat,
975 2395 1053 2444 eam
1077 2370 1140 2444 de·

162 2488 406 2586 pravationem
422 2489 482 2561 uni
495 2488 582 2561 libro
599 2487 729 2562 deberi.
780 2489 846 2562 Sed
870 2491 991 2564 eadem
1008 2515 1060 2562 res
1084 2488 1138 2562 in·

163 2607 334 2706 telligitur
359 2608 464 2682 etiam
492 2633 537 2680 ex
565 2606 639 2679 aliis
672 2606 771 2697 locis,
806 2603 844 2680 in
870 2608 990 2706 primis
1016 2607 1071 2699 iis,
1101 2607 1140 2680 in
1176 2638 1178 2642 ·

163 2725 290 2824 quibus
301 2725 572 2824 transpositiones
590 2725 797 2823 paginarum
813 2725 928 2819 falla,
952 2731 1009 2801 vel
1031 2728 1135 2801 libra·

162 2845 204 2920 rii
227 2846 284 2918 vel
308 2845 500 2943 bibliopegi
516 2845 614 2934 vitio,
643 2845 679 2918 in
695 2846 827 2919 Codice
855 2846 916 2920 illo
943 2845 1139 2944 antiquiori.

161 2966 259 3038 Nam
275 2991 323 3038 eae
337 2965 372 3038 in
389 2965 550 3039 omnibus
563 2966 665 3039 Mffi.
679 2963 887 3039 conservatae
906 2968 1139 3063 reperiuntur.

163 3085 208 3157 V.
226 3086 272 3158 ad
293 3086 346 3159 H.
365 3086 432 3173 Ill,
460 3108 491 3181 5.
512 3087 570 3181 65.
621 3085 730 3157 Unde
757 3111 829 3157 non
854 3112 923 3158 una
948 3085 1138 3167 observatio

161 3202 324 3294 nascitur,
357 3202 511 3277 studiosis
556 3202 636 3276 artis
670 3202 807 3278 Criticae
847 3209 1138 3285 commendanda.

164 3325 262 3397 Nam
284 3327 420 3420 primum
454 3321 536 3394 hinc
564 3321 783 3420 intelligitur,
806 3347 929 3394 omnes
962 3325 1141 3401 varietates

164 3442 368 3531 lodlionum,
397 3466 482 3537 quas
498 3467 518 3515 e
534 3441 627 3514 libris
655 3439 783 3537 scriptis
805 3460 939 3513 notatas
956 3441 1137 3536 habemus,

164 3561 301 3660 proprie
316 3561 382 3633 elle
393 3559 571 3634 varietates
587 3559 688 3634 unius
705 3557 871 3655 exempli,
889 3583 960 3629 non
973 3560 1139 3656 plurium,

166 3679 295 3777 quiex
320 3676 392 3774 ipso
416 3681 576 3779 ἀρχετύπῳ
599 3677 775 3752 fluxerint.
824 3678 933 3751 Unde
961 3679 1000 3749 fit
1023 3682 1138 3773 secun·

163 3799 214 3887 do,
236 3817 276 3871 ut
292 3799 455 3873 omnibus
471 3799 662 3873 Codicibus
681 3796 923 3894 comparandis
939 3796 1024 3871 nihil
1044 3801 1140 3876 aliud

165 3916 255 3991 effici
273 3920 384 4016 pulsu,
416 3943 524 4016 quam
553 3937 606 4010 ut,
642 3917 724 4016 quid
743 3917 778 3989 in
805 3940 877 3990 uno
901 3915 963 3993 illo
988 3943 1138 4020 apogra-
1264 3947 1268 3956 ·
