<?xml version="1.0" encoding="UTF-8"?>
<!DOCTYPE html PUBLIC "-//W3C//DTD XHTML 1.0 Transitional//EN"
    "http://www.w3.org/TR/xhtml1/DTD/xhtml1-transitional.dtd">
<html xmlns="http://www.w3.org/1999/xhtml" xml:lang="en" lang="en">
 <head>
  <title>
</title>
<meta http-equiv="Content-Type" content="text/html;charset=utf-8" />
  <meta name='ocr-system' content='tesseract 3.04.00' />
  <meta name='ocr-capabilities' content='ocr_page ocr_carea ocr_par ocr_line ocrx_word'/>
</head>
<body>
  <div class='ocr_page' id='page_1' title='image "./ccorneliitaciti03ernegoog_0289.png"; bbox 0 0 2986 5138; ppageno 0'>
   <div class='ocr_carea' id='block_1_1' title="bbox 321 580 1097 680">
    <p class='ocr_par' dir='ltr' id='par_1_1' title="bbox 321 580 1097 680">
     <span class='ocr_line' id='line_1_1' title="bbox 321 580 1097 680; baseline 0 -24"><span class='ocrx_word' id='word_1_1' title='bbox 321 608 389 680; x_wconf 84' lang='lat'>232</span> <span class='ocrx_word' id='word_1_2' title='bbox 511 582 553 655; x_wconf 91' lang='lat' dir='ltr'>C.</span> <span class='ocrx_word' id='word_1_3' title='bbox 594 582 858 656; x_wconf 74' lang='lat' dir='ltr'>Coruum</span> <span class='ocrx_word' id='word_1_4' title='bbox 900 580 1097 656; x_wconf 71' lang='lat' dir='ltr'>Tncrrr</span> 
     </span>
    </p>
   </div>
   <div class='ocr_carea' id='block_1_2' title="bbox 310 756 1298 4060">
    <p class='ocr_par' dir='ltr' id='par_1_2' title="bbox 322 756 1289 1071">
     <span class='ocr_line' id='line_1_2' title="bbox 322 756 1289 855; baseline -0.001 -25"><span class='ocrx_word' id='word_1_5' title='bbox 322 759 513 855; x_wconf 88' lang='lat' dir='ltr'>“tuusque</span> <span class='ocrx_word' id='word_1_6' title='bbox 557 759 593 830; x_wconf 94' lang='lat' dir='ltr'>in</span> <span class='ocrx_word' id='word_1_7' title='bbox 621 784 678 831; x_wconf 91' lang='lat' dir='ltr'>me</span> <span class='ocrx_word' id='word_1_8' title='bbox 710 758 846 830; x_wconf 83' lang='lat' dir='ltr'>animus</span> <span class='ocrx_word' id='word_1_9' title='bbox 874 776 1094 843; x_wconf 78' lang='lat' dir='ltr'>mereantur3</span> <span class='ocrx_word' id='word_1_10' title='bbox 1133 756 1289 854; x_wconf 87' lang='lat' dir='ltr'>datoque</span> 
     </span>
     <span class='ocr_line' id='line_1_3' title="bbox 322 874 1288 974; baseline -0.001 -24"><span class='ocrx_word' id='word_1_11' title='bbox 322 885 350 920; x_wconf 90' lang='lat'><strong><em>“</em></strong></span> <span class='ocrx_word' id='word_1_12' title='bbox 367 900 535 974; x_wconf 86' lang='lat' dir='ltr'>tempore,</span> <span class='ocrx_word' id='word_1_13' title='bbox 571 878 626 949; x_wconf 93' lang='lat' dir='ltr'>vel</span> <span class='ocrx_word' id='word_1_14' title='bbox 655 877 691 949; x_wconf 89' lang='lat' dir='ltr'>in</span> <span class='ocrx_word' id='word_1_15' title='bbox 720 876 850 966; x_wconf 90' lang='lat' dir='ltr'>senatu,</span> <span class='ocrx_word' id='word_1_16' title='bbox 881 876 936 948; x_wconf 84' lang='lat' dir='ltr'>vel</span> <span class='ocrx_word' id='word_1_17' title='bbox 960 874 995 947; x_wconf 91' lang='lat' dir='ltr'>in</span> <span class='ocrx_word' id='word_1_18' title='bbox 1021 874 1191 948; x_wconf 88' lang='lat' dir='ltr'>concione</span> <span class='ocrx_word' id='word_1_19' title='bbox 1213 901 1288 949; x_wconf 93' lang='lat' dir='ltr'>non</span> 
     </span>
     <span class='ocr_line' id='line_1_4' title="bbox 322 998 553 1071; baseline -0.004 -1"><span class='ocrx_word' id='word_1_20' title='bbox 322 1004 349 1041; x_wconf 91' lang='lat'>“</span> <span class='ocrx_word' id='word_1_21' title='bbox 366 998 553 1071; x_wconf 89' lang='lat' dir='ltr'>reticebo.&#39;&#39;</span> 
     </span>
    </p>

    <p class='ocr_par' dir='ltr' id='par_1_3' title="bbox 311 1110 1298 3353">
     <span class='ocr_line' id='line_1_5' title="bbox 367 1110 1285 1211; baseline -0.004 -20"><span class='ocrx_word' id='word_1_22' title='bbox 367 1118 468 1191; x_wconf 88' lang='lat' dir='ltr'><strong>XLI.</strong></span> <span class='ocrx_word' id='word_1_23' title='bbox 494 1119 661 1190; x_wconf 78' lang='lat' dir='ltr'>Runsunr</span> <span class='ocrx_word' id='word_1_24' title='bbox 685 1112 837 1211; x_wconf 87' lang='lat' dir='ltr'>Sejanus,</span> <span class='ocrx_word' id='word_1_25' title='bbox 865 1138 935 1185; x_wconf 93' lang='lat' dir='ltr'>non</span> <span class='ocrx_word' id='word_1_26' title='bbox 951 1110 1028 1210; x_wconf 88' lang='lat' dir='ltr'>jam</span> <span class='ocrx_word' id='word_1_27' title='bbox 1045 1114 1090 1186; x_wconf 92' lang='lat' dir='ltr'>de</span> <span class='ocrx_word' id='word_1_28' title='bbox 1106 1113 1285 1187; x_wconf 87' lang='lat' dir='ltr'>matrimo-</span> 
     </span>
     <span class='ocr_line' id='line_1_6' title="bbox 317 1231 1286 1328; baseline -0.003 -19"><span class='ocrx_word' id='word_1_29' title='bbox 317 1234 389 1324; x_wconf 89' lang='lat' dir='ltr'>nio,</span> <span class='ocrx_word' id='word_1_30' title='bbox 427 1231 483 1305; x_wconf 89' lang='lat' dir='ltr'>scd</span> <span class='ocrx_word' id='word_1_31' title='bbox 517 1234 632 1305; x_wconf 77' lang='lat' dir='ltr'>altilis·</span> <span class='ocrx_word' id='word_1_32' title='bbox 649 1254 819 1321; x_wconf 89' lang='lat' dir='ltr'>metuens,</span> <span class='ocrx_word' id='word_1_33' title='bbox 858 1231 1011 1304; x_wconf 91' lang='lat' dir='ltr'>“tacita</span> <span class='ocrx_word' id='word_1_34' title='bbox 1039 1231 1286 1328; x_wconf 82' lang='lat' dir='ltr'>suspicionum,</span> 
     </span>
     <span class='ocr_line' id='line_1_7' title="bbox 318 1350 1286 1451; baseline 0.001 -24"><span class='ocrx_word' id='word_1_35' title='bbox 318 1353 463 1451; x_wconf 86' lang='lat' dir='ltr'>“vulgi</span> <span class='ocrx_word' id='word_1_36' title='bbox 484 1376 671 1440; x_wconf 88' lang='lat' dir='ltr'>rumorem,</span> <span class='ocrx_word' id='word_1_37' title='bbox 698 1351 916 1448; x_wconf 83' lang='lat' dir='ltr'>ingruentem</span> <span class='ocrx_word' id='word_1_38' title='bbox 943 1350 1135 1423; x_wconf 87' lang='lat' dir='ltr'>invidiam”</span> <span class='ocrx_word' id='word_1_39' title='bbox 1160 1352 1286 1448; x_wconf 70' lang='lat' dir='ltr'>depre⁴</span> 
     </span>
     <span class='ocr_line' id='line_1_8' title="bbox 317 1469 1285 1566; baseline -0.002 -19"><span class='ocrx_word' id='word_1_40' title='bbox 317 1493 426 1547; x_wconf 86' lang='lat' dir='ltr'>catur.</span> <span class='ocrx_word' id='word_1_41' title='bbox 476 1477 531 1545; x_wconf 88' lang='lat' dir='ltr'>Ac</span> <span class='ocrx_word' id='word_1_42' title='bbox 549 1496 592 1542; x_wconf 85' lang='lat' dir='ltr'>ne</span> <span class='ocrx_word' id='word_1_43' title='bbox 608 1472 764 1543; x_wconf 80' lang='lat' dir='ltr'>adfiduos</span> <span class='ocrx_word' id='word_1_44' title='bbox 775 1469 811 1541; x_wconf 94' lang='lat' dir='ltr'>in</span> <span class='ocrx_word' id='word_1_45' title='bbox 828 1470 975 1542; x_wconf 93' lang='lat' dir='ltr'>domum</span> <span class='ocrx_word' id='word_1_46' title='bbox 992 1490 1104 1542; x_wconf 78' lang='lat' dir='ltr'>coetus</span> <span class='ocrx_word' id='word_1_47' title='bbox 1120 1475 1285 1566; x_wconf 86' lang='lat' dir='ltr'>arcendo,</span> 
     </span>
     <span class='ocr_line' id='line_1_9' title="bbox 317 1588 1284 1687; baseline 0.001 -23"><span class='ocrx_word' id='word_1_48' title='bbox 317 1590 518 1687; x_wconf 82' lang='lat' dir='ltr'>infringeret</span> <span class='ocrx_word' id='word_1_49' title='bbox 535 1588 740 1686; x_wconf 90' lang='lat' dir='ltr'>potentiam,</span> <span class='ocrx_word' id='word_1_50' title='bbox 766 1608 825 1661; x_wconf 90' lang='lat' dir='ltr'>aut</span> <span class='ocrx_word' id='word_1_51' title='bbox 838 1590 1059 1687; x_wconf 88' lang='lat' dir='ltr'>receptando,</span> <span class='ocrx_word' id='word_1_52' title='bbox 1084 1588 1284 1665; x_wconf 84' lang='lat' dir='ltr'>facultatem</span> 
     </span>
     <span class='ocr_line' id='line_1_10' title="bbox 317 1707 1284 1804; baseline 0.003 -22"><span class='ocrx_word' id='word_1_53' title='bbox 317 1707 579 1783; x_wconf 87' lang='lat' dir='ltr'>criminantibus</span> <span class='ocrx_word' id='word_1_54' title='bbox 607 1710 798 1804; x_wconf 77' lang='lat' dir='ltr'>praeberet:</span> <span class='ocrx_word' id='word_1_55' title='bbox 824 1709 893 1781; x_wconf 90' lang='lat' dir='ltr'>huc</span> <span class='ocrx_word' id='word_1_56' title='bbox 912 1708 1022 1798; x_wconf 84' lang='lat' dir='ltr'>flexit,</span> <span class='ocrx_word' id='word_1_57' title='bbox 1047 1730 1086 1780; x_wconf 93' lang='lat' dir='ltr'>ut</span> <span class='ocrx_word' id='word_1_58' title='bbox 1100 1708 1284 1785; x_wconf 87' lang='lat' dir='ltr'>Tiberium</span> 
     </span>
     <span class='ocr_line' id='line_1_11' title="bbox 315 1827 1283 1926; baseline 0.001 -25"><span class='ocrx_word' id='word_1_59' title='bbox 315 1829 361 1901; x_wconf 91' lang='lat' dir='ltr'>ad</span> <span class='ocrx_word' id='word_1_60' title='bbox 377 1827 484 1899; x_wconf 84' lang='lat' dir='ltr'>vitam</span> <span class='ocrx_word' id='word_1_61' title='bbox 504 1828 623 1924; x_wconf 92' lang='lat' dir='ltr'>procul</span> <span class='ocrx_word' id='word_1_62' title='bbox 648 1830 778 1916; x_wconf 72' lang='lat' dir='ltr'>Roml,</span> <span class='ocrx_word' id='word_1_63' title='bbox 804 1828 952 1900; x_wconf 87' lang='lat' dir='ltr'>amoenis</span> <span class='ocrx_word' id='word_1_64' title='bbox 969 1828 1052 1901; x_wconf 90' lang='lat' dir='ltr'>locis</span> <span class='ocrx_word' id='word_1_65' title='bbox 1070 1831 1283 1926; x_wconf 89' lang='lat' dir='ltr'>degendam,</span> 
     </span>
     <span class='ocr_line' id='line_1_12' title="bbox 317 1945 1284 2044; baseline 0.001 -23"><span class='ocrx_word' id='word_1_66' title='bbox 317 1949 521 2044; x_wconf 84' lang='lat' dir='ltr'>impelleret.</span> <span class='ocrx_word' id='word_1_67' title='bbox 563 1947 680 2019; x_wconf 89' lang='lat' dir='ltr'>Multa</span> <span class='ocrx_word' id='word_1_68' title='bbox 697 1946 827 2043; x_wconf 90' lang='lat' dir='ltr'>quippe</span> <span class='ocrx_word' id='word_1_69' title='bbox 839 1947 1060 2043; x_wconf 89' lang='lat' dir='ltr'>providebat:</span> <span class='ocrx_word' id='word_1_70' title='bbox 1087 1945 1145 2020; x_wconf 72' lang='lat' dir='ltr'>sua</span> <span class='ocrx_word' id='word_1_71' title='bbox 1160 1948 1195 2020; x_wconf 92' lang='lat' dir='ltr'>in</span> <span class='ocrx_word' id='word_1_72' title='bbox 1208 1974 1284 2022; x_wconf 92' lang='lat' dir='ltr'>ma·</span> 
     </span>
     <span class='ocr_line' id='line_1_13' title="bbox 314 2065 1284 2164; baseline 0 -23"><span class='ocrx_word' id='word_1_73' title='bbox 314 2094 364 2141; x_wconf 94' lang='lat' dir='ltr'>nu</span> <span class='ocrx_word' id='word_1_74' title='bbox 383 2067 516 2139; x_wconf 88' lang='lat' dir='ltr'>aditus:</span> <span class='ocrx_word' id='word_1_75' title='bbox 545 2067 789 2163; x_wconf 88' lang='lat' dir='ltr'>literarumque</span> <span class='ocrx_word' id='word_1_76' title='bbox 816 2069 943 2164; x_wconf 62' lang='lat' dir='ltr'>magns</span> <span class='ocrx_word' id='word_1_77' title='bbox 966 2084 1120 2164; x_wconf 87' lang='lat' dir='ltr'>exparte</span> <span class='ocrx_word' id='word_1_78' title='bbox 1141 2065 1174 2139; x_wconf 92' lang='lat' dir='ltr'>se</span> <span class='ocrx_word' id='word_1_79' title='bbox 1191 2068 1284 2141; x_wconf 92' lang='lat' dir='ltr'>arbi·</span> 
     </span>
     <span class='ocr_line' id='line_1_14' title="bbox 314 2184 1285 2279; baseline 0.002 -20"><span class='ocrx_word' id='word_1_80' title='bbox 314 2207 407 2259; x_wconf 92' lang='lat' dir='ltr'>trum</span> <span class='ocrx_word' id='word_1_81' title='bbox 435 2184 521 2274; x_wconf 92' lang='lat' dir='ltr'>fore,</span> <span class='ocrx_word' id='word_1_82' title='bbox 556 2185 637 2257; x_wconf 71' lang='lat' dir='ltr'>ciam</span> <span class='ocrx_word' id='word_1_83' title='bbox 666 2210 726 2279; x_wconf 89' lang='lat' dir='ltr'>per</span> <span class='ocrx_word' id='word_1_84' title='bbox 758 2185 881 2258; x_wconf 85' lang='lat' dir='ltr'>milites</span> <span class='ocrx_word' id='word_1_85' title='bbox 909 2205 1163 2259; x_wconf 90' lang='lat' dir='ltr'>commearent:</span> <span class='ocrx_word' id='word_1_86' title='bbox 1197 2211 1285 2261; x_wconf 84' lang='lat' dir='ltr'>mox</span> 
     </span>
     <span class='ocr_line' id='line_1_15' title="bbox 313 2300 1284 2403; baseline 0.002 -25"><span class='ocrx_word' id='word_1_87' title='bbox 313 2303 495 2394; x_wconf 86' lang='lat' dir='ltr'>Caesarem,</span> <span class='ocrx_word' id='word_1_88' title='bbox 528 2323 692 2400; x_wconf 87' lang='lat' dir='ltr'>vergente</span> <span class='ocrx_word' id='word_1_89' title='bbox 713 2300 788 2398; x_wconf 88' lang='lat' dir='ltr'>jam</span> <span class='ocrx_word' id='word_1_90' title='bbox 814 2305 958 2394; x_wconf 72' lang='lat' dir='ltr'>senedal,</span> <span class='ocrx_word' id='word_1_91' title='bbox 994 2304 1189 2403; x_wconf 88' lang='lat' dir='ltr'>secretoque</span> <span class='ocrx_word' id='word_1_92' title='bbox 1214 2309 1284 2382; x_wconf 92' lang='lat' dir='ltr'>loci</span> 
     </span>
     <span class='ocr_line' id='line_1_16' title="bbox 313 2422 1283 2518; baseline 0.003 -21"><span class='ocrx_word' id='word_1_93' title='bbox 313 2423 504 2511; x_wconf 91' lang='lat' dir='ltr'>mollitum,</span> <span class='ocrx_word' id='word_1_94' title='bbox 531 2422 649 2494; x_wconf 90' lang='lat' dir='ltr'>munia</span> <span class='ocrx_word' id='word_1_95' title='bbox 665 2422 801 2518; x_wconf 89' lang='lat' dir='ltr'>imperii</span> <span class='ocrx_word' id='word_1_96' title='bbox 817 2422 950 2496; x_wconf 80' lang='lat' dir='ltr'>facilius</span> <span class='ocrx_word' id='word_1_97' title='bbox 966 2425 1217 2498; x_wconf 83' lang='lat' dir='ltr'>tramissurum:</span> <span class='ocrx_word' id='word_1_98' title='bbox 1247 2432 1283 2500; x_wconf 76' lang='grc' dir='ltr'>ὅτ</span> 
     </span>
     <span class='ocr_line' id='line_1_17' title="bbox 314 2539 1282 2638; baseline 0.005 -23"><span class='ocrx_word' id='word_1_99' title='bbox 314 2541 425 2616; x_wconf 89' lang='lat' dir='ltr'>minui</span> <span class='ocrx_word' id='word_1_100' title='bbox 454 2540 514 2612; x_wconf 87' lang='lat' dir='ltr'>fibi</span> <span class='ocrx_word' id='word_1_101' title='bbox 543 2539 725 2629; x_wconf 90' lang='lat' dir='ltr'>invidiam,</span> <span class='ocrx_word' id='word_1_102' title='bbox 751 2543 913 2638; x_wconf 54' lang='lat' dir='ltr'>adempta</span> <span class='ocrx_word' id='word_1_103' title='bbox 930 2541 1136 2618; x_wconf 88' lang='lat' dir='ltr'>salutantum</span> <span class='ocrx_word' id='word_1_104' title='bbox 1159 2549 1282 2634; x_wconf 65' lang='lat' dir='ltr'>turbas:</span> 
     </span>
     <span class='ocr_line' id='line_1_18' title="bbox 312 2657 1281 2763; baseline 0.007 -31"><span class='ocrx_word' id='word_1_105' title='bbox 312 2657 518 2754; x_wconf 87' lang='lat' dir='ltr'>sublatisque</span> <span class='ocrx_word' id='word_1_106' title='bbox 544 2658 715 2746; x_wconf 91' lang='lat' dir='ltr'>inanibus,</span> <span class='ocrx_word' id='word_1_107' title='bbox 742 2663 822 2733; x_wconf 65' lang='lat' dir='ltr'>vers</span> <span class='ocrx_word' id='word_1_108' title='bbox 848 2662 999 2757; x_wconf 63' lang='lat' dir='ltr'>potentis</span> <span class='ocrx_word' id='word_1_109' title='bbox 1025 2688 1159 2761; x_wconf 88' lang='lat' dir='ltr'>augere.</span> <span class='ocrx_word' id='word_1_110' title='bbox 1208 2666 1281 2763; x_wconf 85' lang='lat' dir='ltr'>Igi-</span> 
     </span>
     <span class='ocr_line' id='line_1_19' title="bbox 313 2778 1298 2879; baseline 0.005 -28"><span class='ocrx_word' id='word_1_111' title='bbox 313 2800 369 2851; x_wconf 89' lang='lat' dir='ltr'>tur</span> <span class='ocrx_word' id='word_1_112' title='bbox 401 2778 579 2875; x_wconf 85' lang='lat' dir='ltr'>paullatim</span> <span class='ocrx_word' id='word_1_113' title='bbox 613 2778 753 2875; x_wconf 87' lang='lat' dir='ltr'>ncgotia</span> <span class='ocrx_word' id='word_1_114' title='bbox 785 2781 904 2869; x_wconf 88' lang='lat' dir='ltr'>Urbis,</span> <span class='ocrx_word' id='word_1_115' title='bbox 948 2783 1067 2879; x_wconf 89' lang='lat' dir='ltr'>populi</span> <span class='ocrx_word' id='word_1_116' title='bbox 1106 2783 1298 2872; x_wconf 88' lang='lat' dir='ltr'>adcursus,·</span> 
     </span>
     <span class='ocr_line' id='line_1_20' title="bbox 313 2897 1281 2996; baseline 0.007 -25"><span class='ocrx_word' id='word_1_117' title='bbox 313 2897 573 2971; x_wconf 88' lang='lat' dir='ltr'>multitudinem</span> <span class='ocrx_word' id='word_1_118' title='bbox 592 2898 816 2969; x_wconf 82' lang='lat' dir='ltr'>adfluentium</span> <span class='ocrx_word' id='word_1_119' title='bbox 834 2899 999 2996; x_wconf 87' lang='lat' dir='ltr'>increpat,</span> <span class='ocrx_word' id='word_1_120' title='bbox 1026 2905 1195 2976; x_wconf 86' lang='lat' dir='ltr'>extollens</span> <span class='ocrx_word' id='word_1_121' title='bbox 1208 2906 1281 2978; x_wconf 89' lang='lat' dir='ltr'>lau·</span> 
     </span>
     <span class='ocr_line' id='line_1_21' title="bbox 311 3016 1280 3117; baseline 0.007 -28"><span class='ocrx_word' id='word_1_122' title='bbox 311 3019 414 3090; x_wconf 88' lang='lat' dir='ltr'>dibus</span> <span class='ocrx_word' id='word_1_123' title='bbox 441 3024 467 3057; x_wconf 90' lang='lat'><strong>“</strong></span> <span class='ocrx_word' id='word_1_124' title='bbox 487 3017 640 3112; x_wconf 90' lang='lat' dir='ltr'>quietem</span> <span class='ocrx_word' id='word_1_125' title='bbox 659 3022 691 3088; x_wconf 77' lang='lat' dir='ltr'>bc</span> <span class='ocrx_word' id='word_1_126' title='bbox 709 3016 952 3091; x_wconf 88' lang='lat' dir='ltr'>solitudinem:</span> <span class='ocrx_word' id='word_1_127' title='bbox 981 3024 1058 3117; x_wconf 88' lang='lat' dir='ltr'>quls</span> <span class='ocrx_word' id='word_1_128' title='bbox 1083 3025 1194 3096; x_wconf 85' lang='lat' dir='ltr'>abesse</span> <span class='ocrx_word' id='word_1_129' title='bbox 1218 3044 1280 3096; x_wconf 87' lang='lat' dir='ltr'>tae-</span> 
     </span>
     <span class='ocr_line' id='line_1_22' title="bbox 314 3137 1279 3235; baseline 0.006 -28"><span class='ocrx_word' id='word_1_130' title='bbox 314 3138 415 3208; x_wconf 87' lang='lat' dir='ltr'>“dia</span> <span class='ocrx_word' id='word_1_131' title='bbox 433 3142 465 3207; x_wconf 74' lang='grc' dir='ltr'>δι</span> <span class='ocrx_word' id='word_1_132' title='bbox 485 3137 698 3225; x_wconf 81' lang='lat' dir='ltr'>offenfiones,</span> <span class='ocrx_word' id='word_1_133' title='bbox 724 3163 763 3209; x_wconf 86' lang='lat' dir='ltr'>ac</span> <span class='ocrx_word' id='word_1_134' title='bbox 791 3138 963 3235; x_wconf 86' lang='lat' dir='ltr'>praecipua</span> <span class='ocrx_word' id='word_1_135' title='bbox 989 3166 1103 3213; x_wconf 86' lang='lat' dir='ltr'>rerum</span> <span class='ocrx_word' id='word_1_136' title='bbox 1127 3143 1279 3215; x_wconf 67' lang='lat' dir='ltr'>maxime</span> 
     </span>
     <span class='ocr_line' id='line_1_23' title="bbox 315 3257 518 3353; baseline -0.01 -25"><span class='ocrx_word' id='word_1_137' title='bbox 315 3265 341 3299; x_wconf 91' lang='lat'><strong>“</strong></span> <span class='ocrx_word' id='word_1_138' title='bbox 362 3257 518 3353; x_wconf 88' lang='lat' dir='ltr'>agitari.&#39;&#39;</span> 
     </span>
    </p>

    <p class='ocr_par' dir='ltr' id='par_1_4' title="bbox 310 3376 1279 4060">
     <span class='ocr_line' id='line_1_24' title="bbox 361 3376 1279 3473; baseline 0.005 -25"><span class='ocrx_word' id='word_1_139' title='bbox 361 3378 479 3448; x_wconf 93' lang='lat' dir='ltr'>XLll.</span> <span class='ocrx_word' id='word_1_140' title='bbox 499 3380 556 3448; x_wconf 85' lang='lat' dir='ltr'>Ac</span> <span class='ocrx_word' id='word_1_141' title='bbox 580 3401 702 3448; x_wconf 80' lang='lat' dir='ltr'>ronrn</span> <span class='ocrx_word' id='word_1_142' title='bbox 721 3376 836 3449; x_wconf 78' lang='lat' dir='ltr'>habita</span> <span class='ocrx_word' id='word_1_143' title='bbox 855 3403 913 3473; x_wconf 88' lang='lat' dir='ltr'>per</span> <span class='ocrx_word' id='word_1_144' title='bbox 942 3379 1015 3450; x_wconf 90' lang='lat' dir='ltr'>illos</span> <span class='ocrx_word' id='word_1_145' title='bbox 1032 3380 1103 3451; x_wconf 85' lang='lat' dir='ltr'>dies</span> <span class='ocrx_word' id='word_1_146' title='bbox 1120 3383 1164 3453; x_wconf 87' lang='lat' dir='ltr'>de</span> <span class='ocrx_word' id='word_1_147' title='bbox 1181 3382 1279 3453; x_wconf 89' lang='lat' dir='ltr'>Voti-</span> 
     </span>
     <span class='ocr_line' id='line_1_25' title="bbox 311 3496 1275 3595; baseline 0.003 -28"><span class='ocrx_word' id='word_1_148' title='bbox 311 3521 378 3567; x_wconf 93' lang='lat' dir='ltr'>eno</span> <span class='ocrx_word' id='word_1_149' title='bbox 412 3497 601 3582; x_wconf 85' lang='lat' dir='ltr'>Nsontan0,</span> <span class='ocrx_word' id='word_1_150' title='bbox 643 3496 785 3567; x_wconf 86' lang='lat' dir='ltr'>celebris</span> <span class='ocrx_word' id='word_1_151' title='bbox 820 3497 945 3594; x_wconf 90' lang='lat' dir='ltr'>ingenii</span> <span class='ocrx_word' id='word_1_152' title='bbox 979 3499 1064 3586; x_wconf 75' lang='lat' dir='ltr'>viro,</span> <span class='ocrx_word' id='word_1_153' title='bbox 1107 3499 1275 3595; x_wconf 88' lang='lat' dir='ltr'>cognitio,</span> 
     </span>
     <span class='ocr_line' id='line_1_26' title="bbox 312 3612 1277 3713; baseline 0.004 -28"><span class='ocrx_word' id='word_1_154' title='bbox 312 3615 530 3685; x_wconf 57' lang='lat' dir='ltr'>cunctantem</span> <span class='ocrx_word' id='word_1_155' title='bbox 551 3612 626 3708; x_wconf 79' lang='lat' dir='ltr'>jain</span> <span class='ocrx_word' id='word_1_156' title='bbox 657 3613 838 3687; x_wconf 89' lang='lat' dir='ltr'>Tiberium</span> <span class='ocrx_word' id='word_1_157' title='bbox 865 3618 1024 3713; x_wconf 87' lang='lat' dir='ltr'>perpulit,</span> <span class='ocrx_word' id='word_1_158' title='bbox 1052 3638 1090 3690; x_wconf 88' lang='lat' dir='ltr'>ut</span> <span class='ocrx_word' id='word_1_159' title='bbox 1119 3618 1277 3690; x_wconf 78' lang='lat' dir='ltr'>vitandos</span> 
     </span>
     <span class='ocr_line' id='line_1_27' title="bbox 310 3733 1277 3834; baseline 0.003 -29"><span class='ocrx_word' id='word_1_160' title='bbox 310 3733 461 3805; x_wconf 88' lang='lat' dir='ltr'>crederet</span> <span class='ocrx_word' id='word_1_161' title='bbox 487 3753 622 3825; x_wconf 90' lang='lat' dir='ltr'>patrum</span> <span class='ocrx_word' id='word_1_162' title='bbox 640 3752 748 3805; x_wconf 88' lang='lat' dir='ltr'>coetus</span> <span class='ocrx_word' id='word_1_163' title='bbox 764 3736 946 3831; x_wconf 85' lang='lat' dir='ltr'>vocesque,</span> <span class='ocrx_word' id='word_1_164' title='bbox 975 3765 1051 3834; x_wconf 77' lang='lat' dir='ltr'>qua:</span> <span class='ocrx_word' id='word_1_165' title='bbox 1072 3740 1277 3833; x_wconf 86' lang='lat' dir='ltr'>plemmque</span> 
     </span>
     <span class='ocr_line' id='line_1_28' title="bbox 312 3852 1276 3951; baseline 0.007 -29"><span class='ocrx_word' id='word_1_166' title='bbox 312 3877 400 3922; x_wconf 85' lang='lat' dir='ltr'>verae</span> <span class='ocrx_word' id='word_1_167' title='bbox 420 3855 452 3921; x_wconf 77' lang='lat' dir='ltr'>bc</span> <span class='ocrx_word' id='word_1_168' title='bbox 472 3876 592 3945; x_wconf 80' lang='lat' dir='ltr'>graves</span> <span class='ocrx_word' id='word_1_169' title='bbox 609 3875 726 3922; x_wconf 88' lang='lat' dir='ltr'>coram</span> <span class='ocrx_word' id='word_1_170' title='bbox 743 3852 1008 3949; x_wconf 86' lang='lat' dir='ltr'>ingerebantur:</span> <span class='ocrx_word' id='word_1_171' title='bbox 1037 3884 1131 3946; x_wconf 90' lang='lat' dir='ltr'>nam,</span> <span class='ocrx_word' id='word_1_172' title='bbox 1160 3857 1276 3951; x_wconf 91' lang='lat' dir='ltr'>postu-</span> 
     </span>
     <span class='ocr_line' id='line_1_29' title="bbox 311 3967 1277 4060; baseline 0.007 -17"><span class='ocrx_word' id='word_1_173' title='bbox 311 3971 379 4044; x_wconf 85' lang='lat' dir='ltr'>lato</span> <span class='ocrx_word' id='word_1_174' title='bbox 398 3967 559 4060; x_wconf 90' lang='lat' dir='ltr'>Votieno,</span> <span class='ocrx_word' id='word_1_175' title='bbox 589 3971 680 4043; x_wconf 90' lang='lat' dir='ltr'>“ob</span> <span class='ocrx_word' id='word_1_176' title='bbox 705 3973 929 4047; x_wconf 88' lang='lat' dir='ltr'>contumelias</span> <span class='ocrx_word' id='word_1_177' title='bbox 946 3975 981 4048; x_wconf 93' lang='lat' dir='ltr'>in</span> <span class='ocrx_word' id='word_1_178' title='bbox 1003 3975 1171 4051; x_wconf 79' lang='lat' dir='ltr'>Caesarem</span> <span class='ocrx_word' id='word_1_179' title='bbox 1200 3976 1277 4050; x_wconf 91' lang='lat' dir='ltr'>dic·</span> 
     </span>
    </p>
   </div>
   <div class='ocr_carea' id='block_1_3' title="bbox 0 0 1498 5138">
    <p class='ocr_par' dir='ltr' id='par_1_5' title="bbox 0 0 1498 5138">
     <span class='ocr_line' id='line_1_30' title="bbox 0 0 1498 5138; baseline 0 3"><span class='ocrx_word' id='word_1_180' title='bbox 0 0 1498 5138; x_wconf 95' lang='lat' dir='ltr'> </span> 
     </span>
    </p>
   </div>
  </div>
 </body>
</html>
