2986 5138
418 562 955 644 Auunniuntlrul.
1123 586 1168 659 33

199 743 228 778 “
246 735 435 824 immunes,
461 734 521 807 nifi
538 734 760 833 propulsandi
787 734 918 808 hostis:
943 736 1056 833 legata
1090 761 1170 834 quae

198 861 225 898 “
244 853 450 950 petiverant,
475 852 606 927 exsolvi
630 853 905 950 duplicarique.”

257 970 449 1043 XXXVII.
486 974 626 1045 Snusrr
661 973 794 1045 miles
786 1000 822 1045 m
846 994 984 1068 tempus
1006 974 1168 1065 confiela,

196 1089 381 1186 statimque
403 1090 596 1188 flagitavit:
628 1091 738 1163 millio
756 1116 817 1187 per
837 1090 995 1165 tribunos
1018 1112 1168 1164 matura·
1182 1141 1185 1144 -

197 1227 277 1282 tur:
314 1207 452 1305 largitio
491 1209 712 1282 differebatur
745 1208 780 1281 in
818 1209 963 1282 hiberna
996 1207 1169 1305 cujusque.

198 1329 285 1398 Non
296 1325 477 1400 abscessere
493 1327 649 1424 quintani
676 1325 1035 1423 unetvicesimanique,
1059 1327 1171 1401 donec

198 1443 318 1520 iisdem
339 1446 375 1517 in
400 1445 538 1536 aestivis,
566 1447 738 1520 contracta
761 1471 805 1518 ex
827 1445 954 1518 viatico
976 1444 1171 1520 amicorum

200 1562 368 1660 ipsiusque
392 1563 530 1638 Caesaris
553 1565 710 1662 pecunia,
729 1562 988 1661 persolveretur.
1014 1563 1170 1637 Primam

198 1705 237 1754 ac
255 1680 451 1754 vicesimam
469 1683 620 1782 legiones
635 1682 771 1756 Caecina
786 1684 918 1779 legatus
933 1683 969 1754 in
994 1684 1169 1757 civitatem

199 1800 377 1872 Ubiorum
396 1802 549 1891 reduxit,
563 1801 656 1899 turpi
666 1801 819 1900 agmine,
844 1803 925 1875 clim
947 1801 1017 1875 fisci
1036 1803 1082 1874 de
1103 1801 1169 1874 im-

200 1938 354 2014 peratore
379 1919 482 2016 rapti‚
505 1919 593 1993 inter
615 1923 721 2019 Igna,
748 1920 905 2016 interque
928 1921 1073 2016 aquilas,
1108 1946 1168 1993 ve-

198 2038 369 2111 herentur.
429 2040 656 2112 Germanicus
679 2038 889 2135 superiorem
915 2040 960 2110 ad
979 2037 1170 2111 exercitum

199 2153 386 2252 profe&u3,
416 2157 658 2230 secundam&
687 2157 1006 2231 tertiamdecumam
1034 2157 1071 2227 &
1094 2156 1169 2230 sex-

199 2276 458 2349 tamdecumam
475 2276 641 2374 legiones,
664 2277 750 2349 nihil
774 2278 962 2366 cunuatas,
980 2274 1169 2349 sacramen·

199 2413 236 2465 to
262 2395 385 2493 adigit.
452 2395 771 2492 Quartodecumani
804 2395 961 2492 paullum
986 2394 1168 2490 dubitave-

199 2533 297 2584 rant:
326 2513 524 2611 pecunia&
551 2514 676 2606 miffio,
704 2512 864 2613 quamvis
884 2539 956 2587 non
982 2512 1168 2611 flagitanti·

200 2633 278 2722 bus,
301 2635 418 2706 oblata
433 2632 494 2705 est.

246 2753 453 2825 XXXVIII.
479 2757 539 2824 Ar
568 2776 611 2824 iu
636 2752 814 2827 Cunucts
844 2752 1043 2849 coeptavere
1080 2748 1167 2822 sedi-

199 2868 347 2959 tionem,
371 2870 569 2966 praesrdium
593 2870 761 2967 agitantes
777 2869 946 2944 vexillarii
959 2868 1169 2942 discordium

201 2987 393 3084 legionum,
419 2994 452 3061 δι
471 2988 628 3085 praesenti
645 2992 798 3063 duorum
824 2988 976 3062 militum
998 2985 1169 3083 supplicio

200 3106 359 3202 paullum
380 3109 516 3202 repreffi
531 3107 620 3181 sunt.
671 3109 817 3203 Julserat
846 3106 882 3180 id
911 3104 1078 3181 Mennius
1099 3103 1168 3178 cas-

201 3245 338 3298 trorum
367 3224 562 3322 praefeetuu
596 3230 688 3300 bono
715 3227 827 3324 magis
854 3226 1032 3322 exemplo,
1061 3223 1169 3321 quam

200 3346 357 3417 concello
375 3342 467 3441 jure.
517 3345 655 3419 Deinde
677 3345 922 3420 intumescente
946 3362 1058 3432 motu,
1085 3365 1168 3437 pro·

198 3461 303 3561 fugos
351 3463 587 3561 repertusque,
635 3465 819 3562 postquam
861 3463 983 3536 intutae
1013 3462 1168 3546 latebrae,

200 3582 399 3678 praefidium
433 3587 479 3657 ab
517 3583 659 3657 audaci&
682 3603 883 3656 mutuatur:
920 3588 947 3624 “
960 3581 1046 3652 Non
1077 3601 1167 3678 prae·

200 3707 229 3742 “
245 3699 377 3775 felium
414 3705 460 3776 ab
495 3701 550 3792 iis,
582 3701 640 3775 sed
664 3700 913 3776 Germanicum
936 3701 1077 3789 ducem,
1110 3697 1168 3770 sed

200 3820 430 3896 “Tiberium
463 3821 710 3917 imperatorem
744 3818 905 3895 violari.''
964 3817 1075 3891 Simul
1106 3841 1166 3888 ex-

200 3938 329 4014 territis
354 3939 415 4037 qui
445 3940 658 4032 obstiterant,
683 3960 824 4036 raptum
847 3937 1018 4013 vexillum
1042 3936 1086 4010 ad
1121 3933 1168 4007 ri-

705 4060 742 4130 D
