2986 5138
324 630 394 678 aoo
520 601 1095 676 C.ConuatttTac1r1

322 774 398 872 pari
416 773 522 847 exitio
545 774 671 872 viguit,
698 774 902 870 ceciditque.
951 774 1089 868 Corpus
1116 768 1165 841 illi
1194 770 1292 846 labo-

321 918 400 965 rum
434 895 594 981 tolerans‚
622 893 757 965 animus
783 894 924 966 audax:
953 891 1003 964 sul
1036 893 1218 986 obtegens,
1255 890 1293 961 ln

320 1012 404 1084 alios
421 1013 642 1084 criminator:
664 1011 767 1110 juxtla
784 1011 935 1084 adulatio
961 1015 993 1083 δι
1019 1008 1200 1104 superbia:
1230 1035 1293 1105 pa-

322 1132 392 1202 lam
409 1135 617 1226 compositus
643 1132 769 1227 pudor,
795 1131 886 1202 intus
910 1129 1045 1201 summa
1061 1127 1232 1223 apiscendi
1249 1129 1293 1201 li-

319 1249 429 1322 bido:
459 1249 594 1347 ejusque
607 1253 720 1337 causzl,
747 1248 855 1320 modo
872 1247 1007 1344 largitio
1033 1253 1066 1319 δι
1089 1250 1206 1338 luxus,
1232 1247 1294 1321 sae-

320 1368 398 1464 pius
427 1369 590 1440 industria
618 1395 658 1441 ac
677 1368 871 1465 vigilantia,
898 1369 991 1442 haud
1016 1366 1130 1441 minlts
1160 1367 1291 1457 noxiae,

320 1487 482 1583 quotiens
500 1489 653 1583 parando
671 1513 779 1584 regno
795 1489 986 1582 finguntur.

275 1675 277 1679 ,
364 1605 766 1702 11.v1upraefetturae,
793 1605 970 1678 modicam
989 1623 1101 1692 antea,
1127 1603 1293 1696 intendit,

317 1722 477 1819 dispersas
496 1749 557 1820 per
583 1727 723 1798 Urbem
749 1727 908 1797 cohortes
935 1750 1006 1795 una
1026 1723 1062 1794 in
1078 1724 1185 1795 castra
1206 1750 1292 1796 con-v

318 1843 506 1929 ducendo;
533 1863 572 1915 ut
597 1844 696 1916 simul
726 1844 869 1940 imperia
895 1842 1101 1940 acciperent,
1127 1868 1293 1915 numero-

319 1966 439 2060 que&
469 1962 609 2052 robor&
635 1967 668 2035 ἃ
694 1963 768 2035 visu
798 1963 887 2035 inter
910 1962 956 2052 se,
983 1961 1111 2035 fiducia
1138 1961 1228 2058 ipsis,
1256 1962 1294 2035 in

318 2102 448 2154 ceteros
473 2101 584 2154 metus
612 2083 819 2154 crederetur.
880 2083 1124 2154 Praetendebat
1149 2087 1175 2122 “
1194 2080 1293 2154 lasci-

319 2207 348 2242 “
368 2200 440 2273 vire
474 2199 621 2300 militem
650 2200 859 2272 diductum:
900 2205 922 2272 fi
954 2200 1040 2296 quid
1062 2199 1213 2274 subitum
1237 2199 1293 2273 in·

319 2326 347 2370 ⁴‘
367 2339 482 2416 gruat,
511 2317 640 2414 majore
663 2318 794 2390 auxilio
811 2318 936 2413 pariter
958 2318 1155 2393 subveniri:
1184 2323 1218 2391 ὃς
1241 2319 1293 2393 se-

318 2443 347 2482 “
365 2436 477 2510 veritis
501 2438 649 2524 aeluros,
677 2440 699 2508 si
714 2437 847 2508 vallum
864 2437 1027 2511 statuatur
1042 2439 1165 2534 procul
1182 2439 1295 2512 Urbis

319 2562 347 2599 “
365 2553 585 2626 inlecebris.''
634 2556 688 2625 Ut
712 2551 862 2650 perfecta
888 2553 964 2626 sunt
988 2557 1108 2649 castra,
1135 2557 1293 2652 inrepere

318 2670 499 2768 paullatim
529 2669 692 2743 militares
712 2671 859 2762 animos,
892 2675 1068 2764 adeund0‚
1111 2677 1293 2770 appellan-

316 2793 390 2864 do:
417 2791 515 2862 simul
533 2791 749 2863 centuriones
778 2818 817 2863 ac
842 2793 997 2865 tribunos
1021 2793 1090 2890 ipse
1114 2793 1291 2891 deligere:

316 2935 430 3006 neque
452 2907 621 2980 senatorio
649 2910 783 2981 ambitu
806 2911 1011 3001 abstinebat,
1050 2913 1188 2987 clientes
1214 2913 1293 2987 suos

316 3028 506 3100 honoribus
530 3048 588 3099 aut
613 3028 800 3123 provinciis
817 3033 986 3119 ornando,
1013 3031 1104 3105 facili
1132 3034 1291 3124 Tiberi0,

315 3167 419 3242 atque
444 3146 491 3217 ita
512 3172 636 3240 prono,
664 3168 701 3218 ut
712 3151 830 3236 socium
857 3151 1007 3239 laborum,
1035 3178 1105 3223 non
1124 3152 1232 3225 modo
1257 3154 1293 3226 in

314 3264 540 3352 sermonibus,
559 3263 615 3336 sed
637 3267 729 3360 apud
755 3286 864 3362 patres
893 3273 923 3340 a
954 3271 1123 3364 populum
1141 3273 1293 3344 celebra-

315 3406 380 3472 ret,
407 3383 546 3479 colique
576 3411 636 3479 per
662 3386 791 3455 theatra
814 3390 847 3456 ἃ
872 3385 946 3458 fora
969 3388 1097 3485 effigies
1124 3386 1209 3484 ejus,
1236 3388 1291 3464 in·

315 3523 435 3599 terque
459 3503 628 3598 principia
646 3503 827 3599 legionum
854 3507 984 3576 sineret.

364 3623 426 3692 Ill.
453 3622 647 3692 Catonum
674 3623 776 3716 plena
793 3623 968 3696 Caesarum
990 3627 1130 3710 domus,
1151 3622 1291 3720 juvenis

316 3739 421 3826 filius,
450 3759 589 3834 nepotes
607 3741 728 3828 adulti,
757 3767 890 3814 moram
914 3743 1039 3839 cupitis
1061 3741 1289 3816 adferebant:

318 3863 367 3943 a,
395 3856 475 3951 quia
492 3859 600 3929 vitot
621 3861 718 3929 simul
742 3861 909 3956 corripere
927 3862 1091 3950 intutum,
1117 3863 1219 3937 dolus
1237 3863 1291 3936 in·

317 3975 460 4058 tervalla
476 3975 641 4050 scelerum
660 3975 832 4073 poscebat.
881 3981 1017 4055 Placuit
1038 4001 1155 4054 tamen
1171 3982 1291 4059 occul-
