2986 5138
323 631 366 694 14
518 603 865 675 C.Connrrrr
904 600 1113 672 Tncrrr

319 802 388 871 que
405 775 507 846 etiam
525 775 560 846 in
576 776 690 864 rebus,
718 800 802 870 quas
831 799 901 846 non
928 774 1112 862 occuleret,
1141 770 1199 844 seu
1224 798 1284 845 na·

316 898 404 984 turb,
419 897 485 966 srve
501 893 736 981 adsuetudine,
754 890 906 987 suspensa
921 890 1052 989 semper
1080 895 1113 963 ac
1143 890 1285 964 obscura

317 1016 444 1086 verba:
471 1031 553 1083 tunc
571 1011 665 1100 vero,
683 1010 803 1083 nitenti
836 1031 875 1082 ut
901 1009 1012 1082 sensus
1040 1009 1116 1082 suos
1149 1010 1285 1106 penitus

317 1134 468 1219 abderet,
486 1131 522 1201 in
539 1131 707 1203 incertum
724 1134 757 1201 δι
774 1128 978 1225 ambiguum
1001 1128 1110 1225 magis
1125 1128 1284 1224 implica-

316 1253 451 1324 bantur.
501 1254 549 1321 At
568 1269 689 1344 patres,
713 1247 839 1344 quibus
855 1273 943 1318 unus
960 1266 1085 1336 metus,
1111 1249 1133 1318 fi
1158 1246 1283 1318 intelli-

317 1396 396 1468 gere
412 1369 618 1456 viderentur,
640 1367 674 1438 in
688 1366 837 1462 questus,
852 1364 1019 1454 lacrimas,
1033 1385 1114 1437 vota
1131 1364 1282 1437 effundi:

317 1491 361 1563 ad
378 1491 473 1576 deos,
503 1487 546 1558 ad
564 1485 713 1582 effigiem
725 1483 887 1581 Augusti,
901 1485 945 1554 ad
963 1510 1076 1580 genua
1093 1483 1194 1580 ipsius
1211 1509 1285 1556 ma·-

318 1633 382 1678 nus
408 1607 567 1688 tendere:
604 1604 684 1676 clun
726 1600 865 1697 proferri
894 1600 1049 1673 libellum
1082 1602 1285 1699 recitarique

311 1723 414 1822 jussit.
463 1725 557 1818 Opes
603 1721 751 1817 publicae
785 1719 1067 1793 continebantur:
1113 1740 1284 1816 quantum

318 1841 462 1931 civium,
496 1840 735 1936 sociorumque
778 1838 814 1910 in
857 1838 979 1923 armis;
1026 1857 1113 1934 quot
1153 1840 1284 1928 classes,

316 1986 434 2058 regna,
463 1959 662 2057 provincia,
690 1959 830 2047 tributa,
864 1961 897 2029 ac
923 1956 1116 2054 veffigaba,
1157 1961 1191 2030 δι
1224 1984 1284 2031 ne-

320 2082 481 2152 cessitates
514 2105 554 2150 ac
583 2077 801 2175 largitiones:
843 2103 921 2173 quae
951 2078 1074 2149 cunda
1098 2074 1157 2151 sus
1179 2105 1286 2158 manu

320 2196 547 2294 perscripserat
577 2197 776 2293 Augustus:
811 2196 1059 2291 addideratque
1091 2197 1285 2288 consilium,

319 2315 499 2387 coercendi
517 2315 603 2391 iutra
624 2314 785 2391 terminos
802 2314 958 2412 imperii;
984 2315 1154 2390 incertum
1175 2337 1285 2410 metu,

318 2459 363 2506 an
380 2460 440 2529 per
456 2434 635 2509 invidiam.

367 2554 447 2626 Xll.
473 2554 593 2623 lurra
613 2579 690 2650 quae
707 2554 822 2627 senatu
839 2557 882 2627 ad
897 2554 1032 2628 infimas
1045 2554 1286 2633 obtestationes

322 2673 588 2766 procumbente,
612 2671 701 2744 dixit
730 2671 815 2746 sorte
830 2673 1005 2763 Tiberius,
1039 2678 1065 2714 “
1083 2669 1130 2764 se,
1151 2695 1192 2745 ut
1213 2702 1284 2749 non

322 2795 349 2831 “
375 2789 437 2860 toti
463 2788 659 2884 reipublicae
689 2817 818 2886 parem,
861 2792 907 2866 ita
939 2818 1171 2889 quaecumque
1208 2822 1285 2892 pars

322 2912 349 2948 “
376 2908 435 2980 srbi
469 2910 697 2999 mandaretur,
733 2909 802 3007 ejus
839 2914 982 2984 tutelam
1016 2911 1286 3009 suscepturum.'’

319 3026 416 3098 Tum
433 3026 568 3098 Asinius
584 3030 719 3117 Gallus,
746 3037 773 3071 “
785 3033 1000 3128 Interrogo,''
1022 3031 1149 3127 inquit,
1168 3041 1196 3076 “
1208 3037 1285 3108 Cae.

321 3151 347 3187 “
373 3144 434 3233 sar,
476 3171 581 3241 quarn
622 3167 752 3242 partem
795 3149 1003 3245 reipublicae
1040 3153 1194 3226 mandari
1221 3153 1285 3226 tibi

321 3270 349 3307 “
374 3264 458 3336 velis
474 3265 513 3336 ?''
561 3265 737 3339 Perculsus
771 3266 953 3364 improvisa
1006 3269 1284 3368 interrogatione,

319 3386 474 3480 paullum
495 3385 642 3475 reticuit,
666 3385 747 3458 dein
764 3389 910 3459 collesto
942 3388 1059 3459 animo
1086 3388 1282 3484 respondit:

318 3507 604 3600 “Nequaquam
633 3507 797 3578 decorum
824 3506 948 3602 pudori
978 3505 1052 3591 su0,
1086 3509 1198 3603 legere
1222 3509 1284 3580 ali-

319 3629 346 3663 “
373 3624 458 3718 quid
475 3643 533 3694 aut
550 3624 675 3696 evitare
691 3650 735 3696 ex
758 3650 812 3713 e0,
842 3624 898 3697 cui
930 3624 966 3695 in
998 3621 1191 3697 universum
1222 3652 1284 3699 ex·

321 3746 347 3781 “
373 3742 476 3813 cusari
494 3744 647 3814 mallet.''
697 3741 847 3815 Rursum
871 3745 991 3815 Gallus
1015 3743 1161 3836 (etenim
1183 3747 1285 3818 vultu

319 3858 814 3956 offenfionemconjedlaverat)
834 3869 860 3903 “
872 3888 941 3933 non
952 3861 1081 3934 idcirco
1097 3862 1284 3960 interroga.

322 3978 349 4020 “
375 3977 474 4053 tum'’
490 3976 551 4067 ait,
567 3984 593 4020 “
606 3998 645 4051 ut
656 3977 824 4052 divideret
840 4005 917 4076 quae
929 3978 1069 4078 separari
1087 3979 1283 4077 nequirent:
