2986 5138
265 595 331 647 roo
498 570 539 644 C.
563 570 800 644 Coruum
832 571 1011 645 TAcrrt

261 743 429 840 Agrippae
454 742 580 833 servus,
611 743 751 817 nomine
778 742 927 832 Clemens,
955 761 1135 840 comperto
1160 745 1234 818 fine

259 864 424 961 Augusti,
448 888 588 962 pergere
609 864 644 935 in
668 861 812 935 insulam
834 864 1025 935 Planasiam
1050 867 1083 934 dc
1108 863 1231 938 fraude

214 1081 217 1085 ,
257 1001 318 1054 aut
334 982 369 1053 vi
385 1003 521 1078 raptum
539 982 737 1079 Agrippam
761 981 847 1054 ferre
873 981 917 1053 ad
946 982 1114 1056 exercitus
1139 986 1229 1056 Ger-

258 1102 426 1191 manicos,
453 1128 524 1174 non
547 1101 658 1174 servili
681 1101 798 1173 animo
822 1100 992 1197 concepit.
1043 1099 1136 1174 Ausa
1158 1098 1230 1198 ejus

258 1220 441 1317 impedivit
465 1220 603 1293 tarditas
629 1219 789 1293 onerariae
813 1218 932 1292 navis:
963 1241 1068 1317 atque
1091 1220 1231 1294 interim

258 1344 387 1438 patratla
409 1342 517 1429 caede,
541 1341 585 1411 ad
610 1337 787 1436 majora&
805 1338 916 1436 magis
933 1338 1121 1436 praecipitia
1143 1365 1228 1412 con-

258 1459 386 1548 versus,
404 1460 535 1532 furatur
550 1457 696 1542 cineres;
723 1455 908 1555 vellusque
924 1456 1063 1549 Cosam,
1084 1459 1229 1531 Etruriae

257 1579 547 1674 promontorium,
571 1576 699 1674 ignotis
716 1576 801 1648 locis
816 1574 883 1648 sese
898 1576 1007 1667 abdit,
1032 1578 1145 1650 donec
1163 1578 1227 1649 cri·

257 1722 339 1770 nem
366 1700 578 1793 barbamque
604 1695 841 1792 promitteret:
872 1721 954 1769 nam
978 1714 1077 1769 aetate
1102 1702 1136 1768 δι
1158 1695 1228 1768 sor-

258 1821 316 1889 mi
343 1818 436 1890 haud
466 1816 613 1889 dissimili
640 1816 675 1887 in
704 1814 889 1889 dominum
912 1835 994 1887 erat.
1043 1816 1139 1885 Tum
1166 1840 1229 1910 per

258 1935 401 2008 idoneos
426 1940 458 2008 &
482 1932 597 2008 secreti
621 1933 691 2033 ejus
712 1934 834 2024 socios,
858 1931 1034 2007 crebrescit
1062 1940 1089 1974 “
1109 1932 1227 2005 vivere

259 2064 286 2098 “
306 2056 546 2153 Agrippam,''
578 2055 722 2128 occultis
749 2054 904 2151 primum
931 2051 1158 2141 sermonibus,
1188 2074 1228 2126 ut

257 2175 364 2247 vetita
395 2174 525 2261 solent;
555 2199 640 2247 mox
670 2200 763 2269 vago
796 2198 934 2246 rumore
961 2175 1056 2269 apud
1088 2173 1227 2269 imperi-

256 2294 369 2365 tissimi
391 2291 553 2390 cujusque
576 2314 751 2389 promptas
773 2318 882 2383 aures,
909 2313 969 2364 aut
986 2290 1118 2366 rursum
1134 2295 1228 2389 apud

256 2413 425 2500 turbidos,
444 2413 554 2509 eoque
571 2437 663 2484 nova
678 2412 866 2508 cupientes.
915 2417 1034 2509 Atque
1050 2410 1118 2508 ipse
1134 2413 1228 2485 adire

257 2531 449 2626 municipia
477 2529 620 2603 obscuro
645 2530 728 2620 diei,
759 2556 871 2628 neque
900 2532 1081 2627 propalam
1108 2529 1226 2627 aspici,

257 2676 371 2746 neque
393 2650 520 2722 diutius
543 2648 662 2722 iisdem
684 2650 791 2722 locis:
823 2649 879 2724 sed
903 2650 984 2748 quia
1006 2650 1129 2723 veritas
1152 2650 1224 2723 visu

257 2776 290 2842 a<
321 2772 428 2858 morli,
460 2766 539 2840 salsa
567 2768 779 2841 festinatione
808 2769 1006 2842 &incertis
1035 2768 1223 2859 valescunt,

255 2889 470 2985 relinquebat
488 2888 629 2977 samam,
648 2910 706 2960 aut
724 2889 964 2985 praeveniebat.

304 3010 387 3079 XL.
410 3010 686 3080 Vuronnarun
706 3009 842 3080 interim
860 3035 920 3104 per
936 3008 1087 3097 Italiam,
1113 3016 1140 3050 “
1158 3007 1225 3081 ser-

255 3135 282 3170 “
301 3147 421 3199 vatum
449 3153 591 3199 munere
617 3128 723 3198 delrm
747 3127 941 3223 Agrippam
957 3130 995 3213 ;”
1024 3130 1225 3202 credebatur

255 3249 407 3319 Romae:
433 3243 578 3343 jamque
603 3246 734 3319 Ostiam
760 3247 936 3317 investum
962 3247 1150 3319 multitudo
1174 3249 1225 3320 in-

255 3392 355 3463 gens,
376 3365 450 3463 jam
468 3366 502 3436 in
520 3368 621 3438 Urbe
638 3365 835 3438 clandestini
853 3385 964 3437 coetus
982 3367 1225 3439 celebrabant:

253 3488 336 3557 ciam
353 3485 534 3557 Tiberium
557 3511 685 3581 anceps
707 3511 788 3558 cura
809 3484 1007 3575 distrahere,
1031 3485 1111 3556 vine
1133 3485 1223 3558 ruili-

251 3623 328 3676 tum
354 3604 488 3677 servum
510 3602 609 3676 suum
634 3611 819 3691 coerceret,
842 3629 886 3674 an
911 3603 1047 3676 inanem
1075 3602 1221 3675 creduli-

252 3742 358 3794 tatem
381 3743 536 3818 tempore
555 3722 627 3818 ipso
645 3721 823 3794 vanescere
846 3726 987 3794 smeret:
1013 3720 1120 3793 modo
1138 3719 1221 3790 nibil

251 3839 494 3935 spernendum,
521 3841 630 3913 modi>
652 3867 722 3912 non
746 3841 864 3913 omnia
890 3840 1087 3926 metuenda,
1111 3837 1221 3909 ambi-

255 3984 343 4054 guus
357 3959 500 4058 pudoris
511 3985 550 4035 ac
561 3962 672 4035 rnetlrs
685 3963 876 4058 reputabat.
901 3956 1079 4033 Postremi)
1090 3958 1148 4031 dat
1163 3983 1221 4028 ne-
