2986 5138
257 558 300 654 78
508 552 550 625 C.
576 553 813 627 Connmr
836 552 1014 629 Tnctrr

256 737 284 772 “
297 727 386 817 sum,
408 725 518 801 libens
547 728 768 826 placatusque
795 731 958 826 exemplo
982 756 1023 802 ac
1055 732 1223 808 memorid

256 848 521 921 “consiliorum
538 867 642 944 atque
663 874 808 946 operum
819 847 956 946 juvaret
970 850 1006 922 :'’
1028 849 1122 922 lacus
1140 851 1224 926 inde

254 973 288 1041 &
313 970 496 1039 Oceanum
523 964 631 1062 usque
661 969 705 1039 ad
731 967 899 1040 Amisiam
923 971 1055 1042 flumen
1073 968 1223 1046 secunda

253 1085 473 1184 navigatione
511 1085 733 1181 pervehitur:
779 1088 886 1159 claffis
918 1088 1057 1161 Amisrae
1089 1089 1220 1180 relida,

254 1209 344 1278 laevo
361 1229 485 1289 amne3
508 1223 726 1301 erratumque
738 1202 773 1276 in
790 1230 845 1294 e0,
872 1202 968 1302 quod
985 1232 1057 1279 non
1072 1206 1221 1282 subvex-

253 1325 301 1397 it:
333 1319 534 1418 transposuit
557 1322 703 1394 militem
731 1324 866 1396 dextras
894 1325 930 1397 in
946 1345 1050 1397 terras
1067 1327 1218 1401 iturum:

253 1444 299 1516 ita
320 1445 433 1539 plures
460 1442 532 1513 dies
559 1441 743 1513 efficiendis
760 1442 923 1539 pontibus
940 1443 1125 1541 absumpti.
1175 1450 1222 1519 Et

252 1588 359 1659 eques
392 1561 533 1658 quidem
560 1586 600 1632 ac
628 1561 781 1658 legiones
809 1563 923 1659 prima
945 1565 1110 1655 aestuaria,
1134 1591 1222 1638 non-

252 1686 339 1756 dum
356 1679 572 1754 adcrescente
587 1682 693 1770 undsr,
712 1680 873 1779 intrepidi
890 1687 1065 1757 transrsre:
1093 1685 1222 1779 postre-

253 1828 355 1874 mum
370 1799 578 1873 auxiliomm
595 1825 737 1897 agmen,
762 1801 948 1897 Batavique
979 1803 1015 1873 in
1041 1822 1136 1898 parte
1164 1808 1219 1895 ed,

252 1925 341 1996 dum
363 1920 525 1993 insultant
561 1919 672 2015 aquis,
705 1940 885 2017 artemque
908 1920 1013 1993 nandi
1037 1922 1219 2012 ostentant,

252 2042 394 2131 turbati,
418 2046 451 2113 δι
476 2039 619 2138 quidam
646 2038 756 2112 hausti
785 2037 873 2112 sunt.
933 2039 1082 2112 Metanti
1115 2041 1222 2114 castra

254 2160 377 2235 Caesari
395 2158 684 2258 Angrivariorum
702 2155 849 2231 defectio
865 2183 886 2230 a
902 2179 1001 2256 tergo
1020 2158 1217 2232 nuntiatur:

254 2282 374 2353 missus
400 2280 493 2352 illico
525 2277 700 2351 Stertinius
723 2302 804 2350 cum
826 2276 941 2374 equite
973 2281 1007 2351 &
1047 2278 1222 2352 armatur&

255 2400 339 2488 levi,
364 2400 447 2497 igne
473 2403 506 2470 δε
525 2398 675 2470 caedibus
690 2396 870 2493 perfidiam
886 2397 978 2469 ultus
990 2395 1050 2467 est.
1151 2448 1154 2453 ·

302 2520 369 2591 IX.
395 2519 564 2588 rioms
589 2512 741 2614 Visurgis
765 2521 944 2590 Romanos
964 2513 1222 2613 Chemscosque

254 2635 496 2707 interfluebat:
520 2631 590 2731 ejus
618 2633 654 2707 in
681 2636 753 2732 ripd
773 2661 856 2709 cum
877 2634 995 2708 ceteris
1013 2634 1222 2733 primoribus

255 2752 435 2828 Arminius
463 2752 605 2842 adstitit,
630 2758 840 2851 quaesitoque
864 2762 949 2827 “an
973 2753 1084 2827 Caesar
1111 2754 1220 2827 venis-

257 2881 284 2916 “
303 2872 348 2945 set
364 2875 403 2944 ?’'
426 2872 608 2969 postquam
633 2874 806 2945 “adesse’'
831 2872 1028 2971 responsum
1044 2874 1104 2964 est,
1141 2882 1221 2946 “ut

258 3000 286 3034 “
305 2992 419 3064 liceret
435 3018 518 3064 cum
534 2989 636 3064 fratre
648 2992 837 3089 conloqui''
862 2993 983 3065 oravit.
1036 2997 1119 3066 Erat
1142 2993 1170 3067 is
1185 2993 1221 3065 in

255 3111 406 3185 exercitu
443 3132 676 3208 cognomento
701 3111 856 3200 Flavius,
887 3111 1027 3209 insignis
1063 3115 1146 3202 fide,
1186 3116 1220 3184 &

257 3232 379 3304 amifl'o
407 3256 467 3327 per
496 3231 621 3303 vulnus
646 3231 748 3303 oculo
767 3229 883 3326 paucis
901 3231 980 3302 ante
996 3231 1106 3321 annis,
1131 3232 1222 3303 duce

255 3351 424 3425 Tiberio:
463 3370 539 3422 tum
567 3350 792 3446 permiffum3
821 3350 1080 3448 progressusque
1099 3349 1221 3423 saluta·

257 3489 313 3543 tur
337 3473 381 3543 ab
415 3469 602 3542 Arminio:
642 3469 701 3566 qui
725 3469 848 3541 amotis
870 3469 1100 3563 stipatoribus,
1139 3476 1222 3541 “ut

260 3597 287 3631 “
306 3587 466 3684 sagittarii
484 3589 596 3661 nostr&
613 3614 678 3684 pro
701 3588 773 3684 ripfi.
794 3585 944 3683 dispositi
964 3586 1223 3676 abscederent,''

257 3707 424 3802 postulat3
451 3710 484 3777 ὃ(
510 3707 691 3802 postquam
704 3707 853 3804 digressi,
885 3708 1019 3778 “unde
1042 3731 1083 3778 ea
1105 3704 1220 3778 desor-

257 3832 285 3867 “
304 3823 403 3896 mitas
427 3823 494 3896 oris
514 3826 553 3894 ?'’
580 3824 766 3922 interrogat
791 3822 954 3896 fratrem:
998 3825 1058 3897 ilio
1087 3827 1219 3915 locum,

257 3944 291 4013 &
313 3941 475 4038 proeliuni
496 3938 687 4031 referente,
715 3944 937 4040 “quodnam
963 3943 1147 4043 praemium
1166 3968 1220 4017 re-
