2986 5138
253 590 300 662 90
434 561 476 632 C.
509 560 787 632 Conanarr
821 557 1029 631 Tncrrr

253 730 347 826 polle
364 729 496 801 bellrun
512 731 657 826 patrari:
683 729 742 802 sed
758 729 882 805 crebris
898 729 1046 825 epistolis
1062 728 1227 806 Tiberius

253 850 434 936 monebat,
462 855 489 889 “
507 848 634 921 rediret
650 850 695 920 ad
710 851 892 922 decretum
908 849 1150 945 triumphum:
1176 849 1227 925 sa·

254 975 281 1009 “
299 967 341 1039 tis
351 965 428 1064 jam
446 988 648 1057 eventuum,
667 967 743 1040 satis
760 966 920 1041 casuum:
945 965 1107 1065 prospera
1124 968 1173 1042 illi
1191 975 1226 1044 δι

254 1093 282 1129 “
301 1112 430 1185 magna
448 1087 587 1183 proelia:
610 1113 733 1160 eorum
750 1112 893 1184 quoque
909 1085 1128 1179 meminisset,
1148 1114 1227 1185 quae

254 1213 282 1249 “
301 1206 394 1279 venti
413 1211 446 1279 a
465 1209 603 1295 fludns,
618 1207 713 1278 nulla
728 1205 828 1278 ducis
841 1206 895 1278 cul
900 1207 957 1300 pa,
973 1204 1092 1302 gravia
1107 1225 1227 1280 tamen

254 1332 281 1368 “
301 1330 334 1397 δι
352 1323 440 1397 saeva
455 1327 583 1397 damna
598 1324 802 1397 intulissent:
824 1321 857 1395 se
873 1322 994 1396 novies
1010 1349 1031 1395 a
1046 1323 1130 1397 divo
1149 1329 1226 1397 Au-

255 1451 283 1486 “
302 1444 403 1541 gusto
436 1443 471 1515 in
505 1442 732 1515 Germaniam
764 1441 919 1532 millum,
955 1444 1055 1538 plura
1084 1443 1227 1516 consilio

255 1569 282 1606 “
301 1563 410 1661 quarn
439 1561 475 1633 vi
504 1558 688 1657 perfecisse.
735 1561 790 1634 Sic
818 1562 1032 1658 Sugambros
1060 1559 1097 1632 in
1124 1560 1224 1635 dodi-

255 1690 281 1726 “
299 1682 430 1755 tionem
453 1701 627 1776 acceptos,
653 1684 695 1752 src
716 1683 861 1768 Suevos,
885 1705 1076 1777 regemque
1100 1682 1225 1753 Maro·

255 1810 282 1844 “
302 1804 461 1875 budunm
484 1825 569 1895 pace
590 1798 818 1871 obstridum:
846 1801 940 1894 polle
963 1805 996 1871 δι
1018 1797 1224 1889 Cheruscos,

256 1930 283 1966 “
303 1917 498 2017 ceterasque
521 1916 703 1991 rebellium
728 1936 861 2016 gentes,
888 1919 1029 2014 quando
1052 1921 1227 1990 Romanae

255 2039 424 2113 “ultioni
451 2035 645 2111 consultum
674 2038 769 2127 esset,
800 2036 939 2109 internis
966 2033 1142 2109 discordiis
1171 2062 1226 2110 re-

254 2169 281 2204 “
302 2157 450 2254 linqui.''
514 2156 682 2227 Precante
709 2155 919 2228 Germanico
953 2181 1085 2229 annum
1119 2156 1226 2229 effici-

253 2277 350 2351 endis
376 2273 514 2369 coeptis,
542 2271 650 2346 acrius
678 2275 884 2347 modestiam
911 2273 982 2373 ejus
1009 2274 1225 2372 adgreditur,

252 2398 399 2468 alterum
421 2389 635 2466 consulatum
657 2393 849 2484 offerendo,
873 2392 970 2492 cujus
995 2393 1115 2467 munia
1138 2419 1225 2490 prae-

253 2514 327 2586 sens
356 2511 489 2584 obiret:
527 2509 626 2580 snnul
654 2512 872 2603 adnedlebat,
900 2517 968 2586 “fi
997 2512 1085 2585 foret
1111 2514 1226 2589 adhuc

253 2639 281 2674 “
301 2630 514 2717 bellandum,
542 2627 749 2725 relinqueret
778 2631 959 2704 materiem
983 2633 1084 2704 Drusi
1112 2630 1226 2705 fratris

254 2756 282 2792 “
303 2746 433 2846 gloriae,
460 2745 519 2843 qui
542 2748 641 2819 nullo
663 2768 739 2820 tum
762 2748 830 2821 alio
847 2750 958 2841 hoste,
981 2750 1114 2822 nonnisi
1131 2750 1225 2845 apud

254 2875 281 2909 “
300 2865 501 2939 Germanias
518 2865 659 2963 adsequi
677 2894 806 2940 nomen
823 2868 1096 2965 imperatorium,
1113 2874 1146 2941 δι
1163 2870 1225 2942 de-

252 2992 431 3081 “portare
459 2987 610 3058 lauream
639 2989 784 3083 poffet.”
833 2990 944 3060 Haud
973 2990 1152 3061 rundatos
1176 2986 1226 3060 est

251 3106 340 3176 ultra
358 3103 598 3193 Germanicus,
629 3132 843 3202 quamquam
861 3105 948 3203 fingi
965 3132 1017 3195 ea,
1045 3104 1147 3204 seque
1163 3132 1226 3202 per

253 3223 420 3296 invidiam
438 3245 537 3318 parto
547 3222 622 3321 jam
639 3225 757 3296 decori
775 3224 922 3297 abstrahi
940 3225 1156 3321 intelligeret.

300 3345 453 3417 XXVll.
479 3345 552 3415 Suu
581 3370 681 3416 mear
706 3363 859 3440 tempus,
886 3370 904 3415 e
934 3342 1063 3415 familia
1088 3343 1222 3416 Scribo·

254 3464 390 3536 niorum
420 3463 516 3535 Libo
544 3461 674 3536 Drusus
704 3462 853 3536 defertur
879 3461 994 3534 moliri
1023 3487 1075 3534 res
1103 3488 1224 3534 novas.

254 3583 338 3680 Ejus
356 3582 486 3680 negotii
504 3582 652 3670 initium,
669 3583 844 3669 ordinem,
863 3583 969 3653 finem
988 3579 1139 3652 curatius
1156 3578 1222 3652 dis-

253 3704 382 3787 seram3
413 3701 494 3797 quia
516 3724 590 3773 tum
613 3701 766 3797 primum
788 3721 921 3796 reperta
943 3699 1033 3788 sunt,
1060 3724 1138 3795 quae
1163 3725 1224 3794 per

252 3842 432 3892 turannos
457 3821 710 3915 rempublicam
732 3821 890 3891 exedere.
941 3818 1091 3890 Firmius
1116 3819 1223 3889 Catus

253 3937 399 4027 senator,
419 3961 463 4011 ex
480 3938 601 4012 intima
618 3937 767 4013 Libonis
784 3937 948 4029 amicitia,
966 3934 1137 4036 juvenem
1154 3937 1222 4011 im-
