2986 5138
430 559 732 628 Auunrrulr
766 558 874 628 Lrn.
907 557 968 628 1v.
1138 578 1207 654 225

243 727 352 799 uirtus
375 725 520 800 infensos
546 729 662 816 habet,
687 747 724 800 ut
751 726 852 799 nimis
878 752 922 799 ex
940 722 1136 823 propinquo
1154 721 1207 793 di·

245 845 340 929 versa
355 871 511 944 arguens.
561 847 627 921 Sed
644 847 688 919 ad
705 845 857 943 incoepta
872 847 986 919 redeo-

294 966 465 1038 XXXIV.
502 967 710 1038 Conurnro
743 967 859 1055 Collo,
898 962 1016 1038 Afinio
1051 961 1210 1060 Agripps

127 1173 129 1176 .
245 1078 465 1173 Consulibus,
478 1083 674 1156 Cremutius
685 1085 821 1157 Cordus
834 1083 1037 1181 postulatur,
1055 1106 1148 1153 novo
1168 1104 1209 1152 ac

137 1198 152 1211 ”
245 1221 328 1274 tunc
347 1200 501 1298 primum
525 1202 645 1276 audito
665 1202 822 1292 crimine,
847 1201 957 1298 quid,
983 1199 1081 1273 editis
1103 1224 1208 1271 anna·
1244 1204 1246 1209 ’

246 1320 350 1409 libus,
375 1322 585 1418 laudatoque
616 1325 672 1395 M.
689 1325 808 1411 Bruto,
831 1323 873 1393 C.
890 1321 1040 1394 Casslum
1059 1319 1210 1389 Romano-

246 1466 315 1512 rum
331 1443 472 1511 ullimum
490 1440 637 1512 dixisset.
688 1439 903 1514 Accusabant
930 1436 1057 1511 Satrius
1081 1437 1210 1509 Secun-

245 1559 324 1648 dus,
347 1563 381 1631 &
403 1558 557 1631 Pinarius
578 1561 698 1649 Natta,
721 1558 832 1657 Sejani
849 1559 1013 1631 clientes:
1040 1556 1075 1631 id
1098 1555 1210 1653 pemi-

245 1676 369 1749 ciabile
386 1702 459 1766 re0,
485 1682 518 1750 &
531 1676 643 1753 Caesar
667 1677 756 1753 truci
776 1679 875 1750 vultu
899 1676 1133 1750 defenfionem
1152 1701 1209 1749 ac·

245 1795 397 1891 cipiens:
422 1822 529 1892 quam
551 1796 760 1886 Cremutius,
774 1776 1009 1894 relinquendae
1031 1795 1111 1868 vitae
1137 1819 1209 1868 cer-

245 1934 312 2003 tus,
334 1913 372 1986 in
393 1917 486 1989 hunc
510 1917 656 1995 modum
677 1914 814 1989 exorsus
835 1916 907 1989 est:
938 1917 1095 1989 “Verba
1117 1940 1209 2005 mea,

149 2117 155 2126 ⁸
245 2039 405 2129 “patres
440 2035 634 2132 conscripti,
671 2055 883 2134 arguuntur:
921 2033 1009 2108 adel>
1042 2032 1211 2108 faslorum

246 2152 456 2226 “innocens
474 2153 561 2226 sum.
609 2155 675 2226 Sed
703 2179 816 2252 neque
839 2155 913 2227 haec
936 2153 973 2226 in
997 2152 1211 2248 Principem,

244 2277 273 2315 “
292 2291 350 2343 aut
366 2272 533 2370 Principis
550 2294 741 2369 parentem,
761 2299 848 2370 quos
864 2275 922 2345 lex
937 2273 1118 2369 majestatis
1135 2298 1210 2346 am·

243 2395 272 2439 “
289 2389 472 2486 pleslitur:
492 2395 638 2465 Brutum
656 2398 689 2466 ὅτ
707 2391 859 2465 Cafflum
877 2391 1063 2464 laudavisse
1079 2389 1179 2464 dicor
1194 2419 1207 2479 ;

246 2515 275 2557 “
293 2528 444 2605 quorum
462 2536 514 2583 res
532 2512 639 2609 gestas
671 2510 752 2585 cirm
785 2511 922 2607 plurimi
941 2506 1210 2606 composuerint,

248 2634 396 2700 “nemo
425 2632 492 2703 fine
518 2632 650 2703 honore
667 2630 884 2703 memoravit.
933 2629 1036 2701 Titus
1068 2628 1208 2719 Livius,

247 2751 274 2795 “
291 2747 496 2843 eloquentiae
523 2774 564 2829 ac
590 2748 671 2821 fidei
699 2750 880 2846 praeclarus
914 2748 950 2820 in
980 2748 1112 2845 primis,
1143 2750 1210 2821 Cn.

246 2873 273 2915 “
291 2865 497 2961 Pompeium
513 2867 612 2939 tantis
629 2866 788 2940 laudibus
803 2867 893 2956 tulit,
924 2889 962 2941 ut
990 2867 1211 2963 Pompeianum

246 2990 274 3035 “
292 3009 373 3058 eum
401 2986 577 3081 Augustus
604 2987 817 3082 appellaret:
849 3010 963 3082 neque
989 2984 1026 3056 id
1050 2984 1211 3059 amicitiae

247 3111 274 3148 “
292 3129 413 3176 eorum
440 3102 565 3176 offecit.
627 3103 839 3200 Scipionem,
877 3102 1075 3194 Afranium,
1118 3107 1210 3178 hunc

246 3229 273 3265 “
292 3221 405 3318 ipsum
422 3221 586 3311 Cassium,
604 3223 697 3296 hunc
713 3226 873 3312 Brutum,
887 3220 1056 3318 nusquam
1078 3225 1211 3296 latrones

245 3349 273 3386 “
293 3344 332 3415 &
342 3345 537 3439 parricidas,
565 3369 642 3440 quae
669 3368 762 3415 nunc
779 3343 949 3415 vocabula
965 3342 1207 3436 imponuntur,

246 3469 273 3505 “
290 3461 380 3557 saepe
404 3481 442 3533 ut
458 3459 605 3559 insignes
621 3459 712 3533 viros
728 3459 894 3533 nominat.
920 3459 1027 3531 Afinii
1046 3459 1211 3532 Pollionis

244 3588 272 3623 “
289 3580 426 3678 scripta,
461 3579 639 3679 egregiam
671 3581 875 3652 eorumdem
900 3577 1103 3651 memoriam
1140 3597 1209 3651 tra.

246 3706 274 3742 “
292 3700 390 3775 dunt.
440 3700 587 3770 Messala
598 3697 784 3787 Corvinus,
802 3700 1013 3794 imperatorem
1022 3698 1117 3791 suum
1134 3698 1212 3793 Cas„

245 3824 276 3860 “
300 3844 363 3889 rum
390 3817 626 3915 praedicabat:
659 3822 692 3890 δι
717 3837 861 3912 uterque
886 3813 1077 3912 opibusque
1107 3833 1212 3911 atque

247 3936 477 4022 “honoribus
501 3935 715 4039 pervigulere.
763 3933 878 4015 Marci
905 3933 1078 4017 Ciceronis
1106 3934 1208 4029 libro,

716 4052 777 4152 Q
