2986 5138
1213 595 1237 646 V

314 731 395 808 Post
423 736 486 808 hos
518 734 752 833 principatum
780 753 898 811 tenent
927 738 1047 811 Codices
1079 734 1237 837 Vaticani,

145 878 150 886 ’
267 856 369 948 (nam
397 854 556 951 Lipsrum
574 856 728 951 pluribus
744 855 857 946 usum,
884 884 955 930 non
978 882 1063 947 un0‚
1092 878 1131 930 ut
1160 859 1232 931 col·

266 971 354 1069 ligas
370 998 415 1045 ex
443 998 499 1063 eo,
529 975 624 1071 quod
642 973 710 1047 fere
738 974 917 1047 Vaticanum
948 975 1082 1047 codicem
1104 977 1235 1066 laudat,

264 1109 360 1187 patet
374 1116 419 1163 ex
436 1111 516 1164 nota
531 1093 575 1165 ad
593 1092 732 1191 Dialog.
748 1097 792 1167 de
817 1097 877 1166 Or.
902 1093 976 1167 init.
992 1119 1059 1165 nam
1077 1091 1236 1166 Vaticanis

262 1211 384 1300 aberat,
407 1209 464 1282 sed
481 1236 551 1282 uno
568 1235 613 1284 ex
629 1211 695 1300 his,
721 1210 904 1309 antiquiori
921 1211 994 1301 illo,
1013 1230 1051 1283 ut
1068 1213 1233 1307 appellat,

262 1326 300 1399 in
317 1328 456 1425 primis)
483 1335 516 1403 δι
542 1330 766 1421 Faenestanus;
796 1355 944 1427 quorum
961 1349 1123 1426 excerpta
1144 1329 1235 1427 Lip-

261 1448 347 1520 srum
363 1446 532 1538 habuisse,
558 1447 668 1546 iisque
683 1447 840 1546 adjutum
868 1450 933 1522 effe
957 1449 991 1522 in
1016 1449 1235 1523 emendando

261 1563 400 1655 Tacito,
432 1563 506 1639 satis
533 1593 578 1641 ex
594 1565 666 1664 ejus
690 1569 939 1643 commentario
965 1568 1107 1642 constat.
1156 1571 1233 1666 Op-

262 1703 333 1757 tem
352 1710 433 1758 cum
457 1687 607 1761 Grutero
632 1688 695 1782 (ad
723 1687 817 1760 Hist.
833 1689 898 1778 IV,
929 1690 1006 1782 86.)
1036 1707 1074 1759 ut
1099 1687 1233 1783 Lipsro,

259 1803 439 1878 varietates
455 1829 577 1879 omnes
603 1808 729 1878 horum
745 1806 860 1879 Codd.
888 1805 993 1879 etiam
1021 1804 1106 1878 vitia
1130 1806 1232 1879 libra·

258 1923 402 2014 riorum,
431 1949 629 2022 excerpere,
661 1930 694 1998 81
713 1924 852 1998 editioni
869 1923 935 1997 suae
951 1922 1138 2021 adjungere
1159 1925 1233 2020 pla·

262 2043 392 2115 cuiffet.
442 2045 509 2116 Sed
533 2043 569 2116 id
592 2063 793 2141 temporum
821 2042 966 2116 istorum
993 2043 1138 2115 rationes
1162 2068 1233 2120 non

259 2159 427 2247 ferebant,
448 2182 486 2234 ut
503 2183 581 2235 ante
597 2161 683 2235 dixi.
720 2164 778 2235 Ne
790 2163 940 2236 formam
956 2161 1100 2258 quidem
1115 2163 1232 2237 Codd.

258 2277 475 2377 scripturam,
504 2301 653 2371 aetatem,
682 2281 718 2354 in
747 2301 799 2354 tot
826 2279 1034 2354 editionibus
1062 2279 1230 2377 prodidit,

259 2400 355 2496 quod
383 2399 507 2474 merito
523 2400 664 2474 miratur
688 2403 761 2495 Jac.
779 2402 938 2472 Gronov.
962 2399 1007 2477 ad
1025 2404 1119 2476 Ann.
1136 2402 1167 2488 Ι,
1198 2426 1230 2476 1.

258 2518 414 2592 Norifius
431 2518 466 2591 in
485 2519 639 2616 Epochis
667 2521 868 2614 Syro-Mac.
891 2517 976 2591 Diis.
1003 2520 1065 2590 111.
1094 2544 1129 2615 p.
1151 2522 1229 2610 184.

257 2638 312 2710 ed.
329 2637 425 2735 Lips.
441 2658 507 2712 tres
524 2640 638 2713 Codd.
655 2637 768 2711 Vatic.
787 2655 1052 2728 commemorat,
1077 2636 1231 2734 primum

258 2755 346 2830 inter
374 2758 565 2831 Urbinates
591 2783 624 2830 n.
644 2760 724 2854 585.
750 2755 941 2830 secundum
970 2762 1003 2830 &
1031 2756 1167 2830 tertium
1193 2782 1229 2831 n.

261 2901 302 2973 ¹9
308 2880 364 2973 58.
395 2881 428 2949 81
448 2901 553 2974 3405.
604 2876 657 2950 Hi
674 2876 745 2948 duo
774 2902 818 2948 an
834 2877 954 2949 diversi
972 2879 1034 2949 fint
1057 2877 1230 2949 aduobus

258 2994 519 3084 recentioribus,
539 2994 934 3093 quosMontefnlconius
956 2996 1108 3067 n.1861.
1126 2998 1230 3087 1864.

256 3115 411 3214 adsignat
429 3115 554 3188 nescio.
603 3116 669 3187 Sed
686 3116 853 3189 Broterius
875 3118 919 3188 V.
936 3116 978 3188 C.
1004 3132 1151 3210 quatuor
1177 3136 1231 3185 re·

256 3233 359 3330 perit,
388 3259 538 3332 quorum
553 3232 802 3330 antiquissimus
829 3235 902 3306 See.
926 3258 979 3322 14.
1004 3229 1148 3304 extremi
1177 3229 1229 3300 vi·

254 3355 402 3426 deretur.
451 3353 586 3451 Lipsius
614 3352 718 3425 etiam
746 3353 863 3424 laudat
892 3351 1064 3423 interdum
1093 3347 1229 3418 Codicem

255 3472 444 3569 Hispanum,
460 3473 519 3571 qui
531 3471 595 3544 fuit
605 3472 819 3557 Cauarruoiae,
833 3467 911 3563 JCti
926 3464 1105 3539 clariffimi.
1130 3465 1231 3537 Idem

256 3593 361 3665 etiam
379 3592 595 3666 mentionem
618 3589 698 3662 facit
716 3589 835 3661 Codicis
851 3587 1007 3673 Sambuci,
1035 3607 1140 3680 quem
1162 3609 1182 3655 a
1197 3581 1233 3656 se

256 3709 452 3784 consultum
464 3708 550 3783 dicit
566 3708 665 3806 super
676 3707 794 3803 aliquo
804 3708 898 3795 loce,
915 3730 996 3777 cum
1010 3703 1229 3776 Vindobonae

256 3831 352 3919 effet,
366 3831 410 3903 ad
428 3832 481 3902 H.
492 3832 541 3918 11,
557 3854 613 3924 23.
643 3829 806 3899 Ceterum
824 3825 980 3896 nondum
995 3820 1175 3920 quisquam
1188 3848 1231 3897 eo

257 3950 301 4022 ad
314 3948 477 4027 Tacitum
490 3946 746 4022 emendandum
759 3944 833 4018 usus
845 3944 912 4017 est:
926 3943 986 4016 niti
997 3968 1081 4016 vero
1096 3943 1145 4015 est
1161 3940 1233 4038 ipse

716 4088 773 4162 ²3
