2986 5138
264 584 330 662 ¹92
477 558 1049 639 emorrannum

306 739 479 812 LXXIII.
505 743 564 813 Ac
591 762 731 812 rnuau
761 762 814 809 res
834 739 928 811 Blaesr
957 738 1073 837 dignae
1096 736 1231 813 decore

256 858 316 931 tali
342 856 462 932 sudre:
490 884 571 933 nam
603 855 817 946 Tacfarinas,
859 882 1073 955 quamquam
1099 855 1230 956 saepius

257 977 434 1075 depulsus,
471 976 631 1075 reparatis
661 1002 723 1074 per
756 976 876 1050 intima
909 976 1036 1050 Africae
1071 977 1229 1069 auxiliis,

255 1099 324 1171 huc
340 1096 552 1196 adrogantia
570 1118 725 1185 venerat,
751 1115 788 1169 ut
814 1097 947 1195 legatos
970 1098 1015 1171 ad
1039 1096 1227 1173 Tiberium

257 1217 422 1307 mitteret,
450 1224 477 1259 “
494 1215 703 1313 sedemque’'
738 1217 829 1289 ultro
862 1223 890 1258 “
909 1216 969 1289 frbi
996 1238 1101 1313 atque
1121 1241 1227 1290 exer-

258 1335 389 1410 “citui
417 1335 500 1410 suo’'
526 1336 723 1433 postularet,
748 1355 807 1409 aut
828 1342 856 1379 “
873 1337 1006 1409 bellum
1032 1334 1226 1433 inexplica-

258 1463 285 1501 “
303 1456 398 1531 biIe''
422 1455 644 1530 minitaretur.
692 1457 778 1529 Non
802 1455 884 1529 alias
901 1455 1012 1554 magis
1033 1454 1091 1528 sud
1106 1480 1226 1552 popu-

257 1576 352 1674 lique
376 1575 531 1650 Romani
548 1574 758 1649 contumelias
786 1574 963 1649 indoluisse
987 1573 1155 1648 Caesarem
1171 1572 1225 1648 fe-

255 1716 349 1786 runt,
375 1694 482 1791 quiam
508 1701 536 1737 “
554 1695 649 1793 qudd
676 1693 824 1767 desertor
853 1699 887 1768 dr
910 1695 1043 1791 praed0,
1069 1693 1224 1769 hostium

256 1823 402 1889 “more
435 1836 565 1914 ageret.
613 1816 672 1888 Ne
699 1817 860 1911 Spartaco
886 1812 1045 1911 quidem,
1072 1813 1149 1911 post
1169 1832 1225 1888 tot

257 1940 286 1980 “
304 1934 534 2009 consularium
548 1934 761 2008 exercituum
787 1934 900 2007 clades
916 1934 1064 2007 inultam
1086 1933 1222 2007 Italiam

258 2060 287 2099 “
304 2055 431 2146 urenti,
462 2080 676 2153 quamquam
708 2053 845 2127 Sertorii
876 2073 981 2150 atque
1007 2052 1224 2133 Mithridatis

258 2182 285 2219 “
303 2174 504 2274 ingentibus
519 2174 616 2248 bellis
633 2175 761 2247 labaret
789 2171 992 2270 respublica,
1018 2173 1155 2263 datum,
1181 2192 1223 2246 ut

256 2301 285 2338 “
301 2296 403 2391 pasto
430 2294 466 2366 in
492 2294 598 2367 fidem
627 2292 863 2390 acciperetur:
890 2295 1035 2382 nedum,
1062 2295 1223 2390 pulcher·

260 2421 289 2458 “
306 2414 396 2487 rimo
412 2412 535 2511 populi
551 2410 705 2486 Romani
722 2409 871 2511 fastigio,
896 2414 984 2485 latro
1009 2409 1222 2502 Tacfarinas,

256 2540 285 2577 “
304 2558 388 2630 pace
405 2536 438 2605 δι
455 2532 667 2605 conceffione
684 2556 846 2629 agrorum
863 2530 1127 2605 redimeretur.”
1150 2532 1225 2606 Dat

255 2649 439 2750 negotium
456 2648 574 2739 Blaeso,
602 2656 629 2691 “
647 2670 776 2723 ceteros
794 2650 934 2747 quidem
953 2652 998 2724 ad
1023 2649 1118 2749 spem
1140 2676 1223 2748 pro·

257 2770 419 2843 “liceret
452 2794 549 2841 arma
577 2771 644 2843 fine
667 2773 759 2842 noxia
780 2768 956 2866 ponendi3
983 2769 1084 2867 ipsrus
1105 2789 1222 2845 autem

256 2895 284 2934 “
301 2889 400 2963 ducis
412 2913 556 2986 quoquo
572 2891 679 2962 modo
696 2889 897 2986 potiretur.’'

301 3012 474 3084 LXXIV.
493 3009 549 3081 Er
565 3034 730 3082 recurri
751 3012 790 3081 ea
806 3009 906 3081 venial
933 3008 1108 3108 plerique:
1136 3038 1223 3086 mox

251 3128 436 3204 adversum
452 3146 539 3200 artes
554 3126 794 3217 Tacfarinatis,
822 3130 914 3201 haud
933 3128 1083 3202 dissimili
1112 3132 1221 3204 modo

255 3249 505 3347 belligeratum.
556 3250 651 3320 Nam
668 3247 750 3345 quia
765 3248 822 3321 ille
834 3250 954 3321 robore
971 3249 1141 3323 exercitiis
1154 3250 1221 3324 im·

254 3395 329 3467 par,
354 3367 490 3440 furandi
506 3367 641 3457 melior,
669 3369 784 3463 plures
800 3395 861 3465 per
879 3370 1002 3466 globos
1020 3368 1219 3461 incursaret,

253 3489 489 3584 eluderetque,
517 3491 549 3559 δι
567 3485 702 3558 insidias
719 3490 816 3560 srmul
830 3508 996 3574 tentaret3
1023 3509 1090 3561 trcs
1114 3488 1221 3562 inces-

252 3609 318 3697 sus,
344 3607 490 3680 totidem
512 3605 653 3703 agmina
670 3627 852 3703 parantur:
880 3635 926 3681 ex
943 3610 1022 3707 quis
1037 3609 1221 3682 Cornelius

252 3725 365 3822 Scipio
375 3727 506 3822 legatus
520 3724 668 3820 praefuit,
683 3727 753 3822 qua
771 3728 938 3823 praedatio
950 3728 985 3800 in
998 3728 1218 3824 Leptitanos,

253 3844 450 3942 &suffugia
475 3846 748 3931 Garamantum3
774 3846 843 3919 alio
872 3850 990 3937 latere,
1017 3873 1061 3920 ne
1083 3847 1220 3921 Cinen-

253 3968 338 4037 sium
366 3962 448 4061 pagi
463 3961 608 4060 impune
630 3966 855 4059 traherentur,
881 3965 1056 4065 propriam
1076 3990 1219 4040 manum
