2986 5138
428 621 750 689 Auunaruu
784 619 904 689 er.
939 621 967 690 Ι.
1139 638 1181 716 ις

213 795 241 832 “
266 786 325 859 sed
352 805 391 857 ut
416 784 474 858 sust
499 785 704 859 confessione
729 806 937 885 argueretur,
971 814 1082 861 unum
1114 792 1180 867 effe

212 912 242 948 “
267 903 464 1000 reipublicae
493 931 630 1002 corpus,
656 928 761 1002 atque
784 906 885 978 unius
914 906 1029 978 animo
1056 933 1177 1005 regen·

214 1031 241 1068 “
267 1025 390 1096 dum.''
440 1024 589 1097 Addidit
621 1026 758 1097 laudem
774 1026 819 1097 de
835 1025 1006 1122 August0,
1041 1025 1177 1098 Tiberi-

212 1169 345 1240 umque
380 1142 493 1239 ipsum
521 1143 739 1216 vicioriarum
771 1142 921 1230 suarum,
962 1167 1110 1239 quaeque
1143 1144 1179 1215 in

211 1265 295 1359 togas
311 1287 371 1358 per
386 1281 437 1333 tot
449 1287 555 1334 annos
567 1262 704 1359 egregie
721 1260 863 1350 seciffet,
877 1259 1068 1333 admonuit.
1101 1263 1179 1345 Nec

213 1380 293 1452 ideo
309 1379 394 1452 iram
427 1378 497 1476 ejus
524 1380 657 1469 lenivit,
681 1380 816 1475 pridem
832 1376 973 1466 invisus,
999 1398 1178 1475 tamquam

212 1499 317 1572 dustsa
350 1499 387 1570 in
419 1499 678 1594 matrimonium
709 1496 881 1594 Vipsanis,
920 1500 976 1570 Μ.
1011 1497 1179 1595 Agrippae

214 1616 297 1708 filisa,
327 1643 404 1713 quae
431 1620 609 1713 quondam
635 1617 769 1690 Tiberii
814 1643 903 1689 uxor
935 1615 1056 1705 firerat,
1090 1613 1181 1712 plus·

212 1760 319 1831 quam
335 1736 451 1808 civilia
467 1736 624 1833 agitaret,
646 1735 879 1833 Pollionisque
911 1735 1034 1824 Asinii,
1062 1735 1180 1831 patris,

197 1833 373 1929 'ferociam
394 1855 563 1927 retineret.

258 1974 356 2044 XIII.
381 1976 481 2046 Posr
510 2000 601 2059 Qum
629 1977 675 2046 L.
693 1974 892 2063 Arruntius,
916 1977 1009 2046 haud
1031 1974 1182 2046 multbm

211 2090 403 2189 discrepans
446 2118 467 2163 a
508 2093 601 2165 Galli
641 2093 806 2182 oratione,
844 2093 985 2189 perinde
1025 2092 1181 2164 offendit.

212 2212 438 2306 Qramquam
455 2210 597 2284 Tiberio
610 2215 705 2284 nulla
721 2234 819 2284 vetus
837 2212 872 2283 in
891 2210 1094 2284 Arruntium
1112 2209 1179 2282 ira:

212 2324 270 2399 sed
286 2327 446 2419 divitem,
474 2350 689 2427 promptum,
714 2331 843 2403 artibus
860 2329 1018 2427 egregiis,
1045 2333 1078 2404 δι
1109 2329 1182 2426 pan'

211 2442 304 2518 fami
321 2448 474 2543 publice,
497 2447 719 2546 suspecbabat.
769 2448 912 2547 Qiippe
930 2448 1106 2546 Augustus
1127 2449 1181 2523 su.

212 2565 341 2660 premis
357 2564 568 2639 sermonibus
585 2569 666 2640 cbm
683 2569 852 2655 uastaret,
874 2565 1017 2663 quinam
1040 2567 1181 2664 adipisci

211 2683 403 2781 principem
421 2686 538 2758 locum
554 2683 725 2757 suffesturi
741 2687 943 2775 abnuerent,
960 2705 1019 2757 aut
1036 2686 1182 2783 impares

211 2802 355 2892 vellent,
369 2805 424 2875 vel
437 2803 545 2875 iidem
563 2806 696 2899 possent
713 2825 969 2901 cuperentque:
998 2810 1025 2845 “
1037 2807 1093 2877 M.
1110 2808 1181 2878 Ise-

214 2927 242 2964 “
267 2921 415 3017 pidum’'
439 2921 572 2994 dixerat
600 2929 627 2963 “
646 2946 823 3017 capacem,
846 2921 903 2996 sed
919 2919 1179 3018 aspernantem:

213 3041 409 3113 “Gallum
440 3040 613 3129 Afinium,
647 3039 804 3128 avidum,
839 3061 873 3111 at
902 3041 1094 3116 minorem:
1135 3047 1181 3116 L.

214 3165 241 3200 “
268 3159 487 3249 Arruntium,
510 3185 581 3231 non
599 3159 797 3256 indignum,
816 3164 863 3247 δι,
883 3162 905 3231 sr
922 3159 1016 3233 casus
1032 3162 1181 3250 daretur,

213 3284 241 3319 “
266 3277 461 3351 ausurum.''
512 3280 567 3351 De
585 3277 754 3375 prioribus
771 3276 988 3351 consentitur.
1030 3282 1098 3351 Pro
1114 3286 1181 3351 Ar-

210 3395 325 3468 runtio
347 3396 491 3492 quidam
507 3398 573 3469 Cn.
595 3393 753 3470 Pisonem
770 3397 960 3468 tradidere:
995 3394 1183 3491 omnesque

211 3531 333 3610 praeter
348 3515 541 3610 Lepidum,
568 3514 669 3587 variis
695 3541 781 3587 mox
798 3513 1012 3602 criminibus,
1035 3513 1182 3585 struente

212 3633 370 3723 Tiberio,
395 3633 621 3707 circumventi
646 3632 734 3706 sunt.
786 3631 903 3705 Etiam
929 3634 985 3728 Q
1002 3630 1181 3722 Haterius,

211 3755 245 3823 δι
273 3755 472 3825 Mamercus
498 3753 654 3840 Scaunrs,
689 3750 894 3847 suspicacem
920 3749 1076 3823 animum
1106 3776 1180 3846 per-

209 3869 393 3950 strinxere:
418 3869 583 3943 Haterius
600 3871 682 3943 curn
697 3870 850 3959 dixisset,
876 3877 902 3913 “
914 3867 1103 3967 Qousque
1119 3896 1180 3967 pa.

212 3996 240 4047 I‘
265 3988 371 4080 deris,
398 3988 522 4081 Caesar,
557 4014 627 4063 non
653 3990 765 4063 adesse
790 4009 895 4087 caput
929 3987 1125 4088 reipublicae
1141 3992 1181 4065 ?’'
