2986 5138
486 608 790 680 nnuman
823 605 935 680 Ltn.
966 604 995 680 Ι.
1178 632 1223 707 53

258 783 287 819 “
305 796 475 873 auguratu
505 781 537 849 δι
565 777 790 849 vetustissimis
807 777 1010 849 caerimoniis
1026 778 1223 874 praeditum,

259 902 287 936 “
306 896 489 967 adtredlare
506 894 622 968 feralia
637 895 826 967 debuille.”

304 1015 439 1085 LXIII.
465 1017 540 1086 San
573 1018 843 1087 Gennanrcus
870 1015 1051 1086 cedentem
1083 1015 1119 1086 in
1147 1016 1225 1089 avia

259 1133 458 1205 Arminium
475 1131 620 1222 secutus,
642 1133 702 1205 ubi
720 1132 872 1228 primurn
899 1132 999 1227 copia
1021 1130 1100 1221 fuit,
1125 1135 1225 1205 evehi

257 1252 402 1348 equites,
420 1276 666 1347 campumque,
696 1277 802 1347 quem
818 1250 920 1322 hostis
936 1246 1113 1339 insederat,
1142 1251 1226 1346 eripi

251 1368 364 1466 jubet.
414 1370 591 1442 Arminius
606 1370 721 1466 colligi
738 1368 828 1458 suos,
856 1367 1144 1463 &propinquare
1171 1371 1224 1442 fil·

258 1489 309 1560 vis
336 1487 498 1576 monitos,
532 1488 632 1559 vertit
665 1487 829 1583 repente:
864 1512 950 1558 tnox
979 1490 1113 1582 fignum
1146 1513 1224 1582 pro·

258 1607 443 1703 rumpendi
459 1607 555 1679 dedit
578 1607 629 1696 iis,
657 1633 742 1703 quos
772 1631 833 1701 per
860 1604 960 1677 saltus
983 1608 1224 1679 occultaverat.

257 1726 361 1798 Tunc
378 1728 469 1797 nova
494 1726 566 1797 acie
589 1728 744 1798 turbatus
771 1750 888 1821 eques,
919 1724 1092 1820 miffaeque
1119 1724 1223 1799 subsr-

256 1844 369 1917 diariae
384 1846 556 1932 cohortes,
588 1844 620 1915 ἃ
647 1843 854 1942 fugientium
886 1844 1024 1941 agmine
1055 1844 1223 1941 impulsae,

256 1984 421 2036 auxerant
466 1963 801 2036 constemationem:
849 1963 1142 2061 trudebanturque
1188 1967 1225 2038 in

257 2083 418 2180 paludem
432 2109 574 2180 gnaram
591 2082 822 2171 vincentibus,
852 2081 1006 2177 iniquam
1034 2081 1163 2171 nesciis,
1189 2084 1226 2157 ni

255 2199 364 2276 Caesar
380 2203 561 2298 produdtas
590 2201 743 2299 legiones
768 2198 999 2272 instruxisset:
1026 2199 1107 2273 inde
1123 2202 1224 2276 hosti·

257 2322 321 2395 bus
346 2342 466 2410 terror,
496 2321 623 2394 fiducia
651 2320 773 2392 militi:
800 2321 833 2392 δι
868 2320 1025 2392 manibus
1042 2320 1147 2416 aequis
1163 2323 1225 2394 ab·

257 2440 407 2515 seersum.
457 2443 550 2513 Mox
568 2441 711 2512 redudo
731 2440 776 2516 ad
799 2438 964 2511 Amisiam
981 2440 1145 2529 exercitu,
1174 2441 1223 2513 le-

257 2560 376 2659 giones
392 2561 503 2649 classe,
533 2580 571 2632 ut
594 2560 794 2647 advexerat,
818 2578 977 2654 reportat.
1026 2560 1109 2631 Pars
1126 2546 1223 2657 equi·

256 2700 331 2753 tum
348 2680 444 2752 litore
459 2677 589 2751 Oceani
606 2698 720 2773 petere
737 2677 903 2750 Rhenum
913 2674 1012 2773 jussa.
1070 2679 1223 2769 Caecina,

257 2799 317 2897 qui
343 2796 441 2870 suum
467 2796 612 2869 militem
635 2797 797 2883 ducebat,
821 2795 984 2885 monitus,
1010 2821 1222 2894 quamquam

258 2917 346 2991 notis
362 2914 538 2988 itineribus
551 2915 799 3011 regrederetur,
822 2916 949 2987 Pontes
967 2916 1090 3011 longos
1117 2917 1224 3012 quam

258 3033 456 3108 maturrime
473 3031 638 3129 superare.
689 3032 865 3129 Angustus
892 3032 920 3103 is
941 3053 1079 3122 trames,
1116 3034 1224 3108 vastas

257 3155 344 3228 inter
373 3152 527 3249 paludes,
556 3155 590 3222 δι
617 3152 794 3247 quondam
821 3177 842 3224 a
869 3152 914 3223 L.
931 3152 1091 3225 Domitio
1116 3178 1224 3252 agge-

257 3295 373 3347 ratus:
414 3291 525 3344 cetera
565 3267 696 3358 limosa,
735 3269 865 3342 tenacia
894 3271 989 3366 gravi
1015 3299 1130 3362 coeno,
1166 3292 1225 3346 aut

257 3393 338 3466 rivis
370 3391 497 3464 incerta
523 3408 643 3462 erant:
679 3389 808 3461 circltm
842 3389 930 3461 filrae
959 3391 1135 3486 paullatim
1164 3392 1224 3463 ad-

257 3512 386 3597 clives;
416 3536 500 3607 quas
527 3529 603 3582 tum
621 3506 799 3580 Arminius
814 3507 986 3604 implevit,
1013 3509 1227 3606 compendiis

256 3632 402 3720 viarum,
429 3634 462 3703 ἃ
489 3629 558 3701 cito
589 3626 743 3725 agmine,
772 3627 933 3700 onustum
959 3627 1093 3701 sarcinis
1111 3629 1225 3702 annis-

257 3777 323 3847 que
356 3749 503 3822 militem
533 3749 616 3821 curn
644 3745 875 3818 anteveniss'et.
937 3747 1097 3834 Caecinae,
1123 3749 1227 3821 dubi·

256 3869 341 3941 tanti
357 3893 510 3965 quonam
528 3865 635 3937 modo
651 3885 771 3960 ruptos
787 3865 952 3938 vetustate
974 3886 1095 3961 pontes
1126 3891 1226 3962 repo-

260 4006 366 4076 neret,
396 3986 564 4081 srmulque
592 3981 798 4080 propulsaret
823 3983 970 4074 hostem,
1000 3983 1226 4061 castrametari

684 4103 716 4173 E
734 4126 753 4196 s
