2986 5138
487 569 793 640 Auuarrunr
829 566 1011 642 Lrn.ll.
1182 599 1228 670 99

259 736 392 809 “Non
411 736 504 809 enirn
528 764 646 834 preces
665 737 740 812 sunt
762 739 859 828 istuc,
880 739 937 813 sed
960 742 1156 838 efflagitatio
1176 744 1228 816 in-

261 856 514 952 “tempestiva
535 857 677 954 quidem
701 863 735 930 &
758 857 959 954 improvisa,
985 860 1067 931 cum
1088 861 1161 934 aliis
1184 865 1229 936 de

261 981 288 1018 “
305 979 406 1048 rebus
421 976 648 1048 convenerint
662 997 784 1073 patres,
799 975 1021 1075 consurgere,
1036 984 1070 1051 ὃ(
1085 1006 1229 1054 numero

261 1102 288 1139 “
306 1118 410 1192 atque
431 1116 531 1168 aetate
552 1095 703 1169 liberbm
725 1096 863 1169 suorum
887 1122 1009 1193 urgere
1026 1099 1230 1173 modestiam

260 1223 286 1256 “
305 1214 451 1304 senariis,
481 1215 640 1287 eamdem
670 1213 744 1286 vim
773 1215 809 1286 in
837 1240 894 1287 me
923 1214 1161 1307 transmittere,
1190 1244 1231 1291 ac

261 1341 288 1376 “
307 1336 403 1406 velut
425 1333 633 1431 perfringere
655 1334 837 1407 aerarium:
870 1337 968 1430 quod
993 1339 1015 1407 st
1040 1335 1231 1409 ambitione

260 1460 289 1496 “
305 1452 574 1542 exhauserimus,
589 1479 650 1549 per
665 1451 789 1526 scelera
805 1452 1037 1550 supplendum
1054 1455 1128 1527 erit.
1156 1457 1229 1528 De·

259 1578 288 1613 “
306 1572 357 1644 dit
372 1571 450 1661 tibi,
470 1573 632 1662 Hortale,
646 1572 750 1645 divus
767 1575 945 1670 Augustus
962 1573 1158 1671 pecuniam,
1171 1573 1230 1647 sed

261 1697 378 1763 “non
407 1692 646 1787 compellatus,
676 1718 740 1764 nec
768 1696 808 1764 ed
836 1694 913 1790 lege
940 1714 978 1765 ut
1006 1693 1139 1789 semper
1166 1695 1229 1765 da-

259 1816 288 1852 “
304 1831 419 1883 retur:
453 1809 649 1907 languescet
671 1811 799 1908 alioqui
828 1812 1003 1901 industria,
1034 1813 1230 1886 intendetur

258 1937 286 1972 “
303 1928 471 2020 socordia,
497 1934 520 2002 fi
538 1932 652 2003 nullus
669 1956 713 2002 ex
730 1929 762 2003 se
779 1952 905 2020 metus,
929 1953 987 2004 aut
1002 1926 1100 2028 spes;
1128 1937 1161 2004 δι
1180 1930 1230 2002 se-

260 2050 378 2124 “curi
405 2075 528 2122 omnes
560 2049 670 2123 aliena
697 2047 844 2123 subsrdia
869 2049 1132 2146 exspectabunt,
1168 2049 1230 2124 fibi

259 2175 287 2211 “
305 2168 438 2268 ignavi,
457 2170 557 2243 nobis
575 2171 733 2268 graves.”
767 2172 858 2242 Haec
875 2191 979 2266 atque
995 2170 1088 2259 talia,
1107 2197 1230 2267 quam-

259 2314 365 2385 quam
391 2315 472 2362 cum
496 2287 636 2361 adsensu
658 2289 775 2362 andita
798 2291 843 2362 ab
865 2289 931 2378 his,
962 2289 1089 2386 quibus
1113 2290 1232 2364 omnia

258 2407 456 2504 principum
484 2408 626 2481 honesta
654 2428 759 2505 atque
788 2408 968 2481 inhonesta
993 2409 1131 2481 laudare
1155 2434 1232 2481 mos

257 2527 320 2616 est,
351 2528 464 2623 plures
494 2552 556 2624 per
583 2528 752 2600 silentium
780 2549 837 2602 aut
865 2530 1043 2602 occultum
1071 2551 1231 2602 murmur

257 2648 447 2742 excepere:
482 2643 649 2743 sensitque
677 2647 864 2734 Tiberius;
900 2654 933 2721 δι
962 2648 1045 2721 cum
1075 2648 1231 2743 paullum

258 2764 458 2838 reticuisset:
491 2774 517 2808 “
536 2769 688 2839 Hortalo
705 2765 737 2838 se
752 2765 982 2863 respondisse''
1005 2767 1066 2855 ait,
1094 2773 1121 2809 “
1139 2788 1230 2839 cete-

259 2890 286 2924 “
304 2884 382 2956 rbm
404 2887 427 2956 fi
450 2885 603 2980 patribus
627 2886 813 2974 videretur,
835 2885 998 2958 daturum
1023 2884 1136 2957 liberis
1157 2884 1230 2981 ejus

260 3009 286 3044 “
304 3003 439 3075 ducena
450 3003 593 3077 sestertia
606 3003 757 3102 singulis,
772 3004 832 3102 qui
848 3003 948 3077 sexlrs
966 3003 1072 3076 virilis
1088 3004 1231 3075 effent.''

259 3122 374 3220 Egdre
390 3122 446 3195 alii
463 3144 603 3219 grates,·
624 3124 711 3197 srluit
728 3126 911 3212 Hortalus,
933 3148 1073 3219 pavore,
1096 3149 1140 3195 an
1157 3122 1230 3195 avi-

257 3261 300 3313 tae
329 3241 517 3315 nobilitatis
542 3243 647 3315 etiam
675 3243 764 3315 inter
785 3242 959 3340 angustias
982 3241 1127 3314 fortunae
1150 3243 1230 3314 reti-

259 3386 362 3434 nens:
381 3386 495 3459 neque
511 3360 685 3435 miseratus
698 3363 745 3436 est
758 3362 898 3459 posthac
915 3361 1091 3450 Tiberius,
1106 3387 1230 3457 quam-

260 3479 312 3552 vis
329 3481 456 3554 domus
472 3481 651 3556 Hortensii
674 3483 875 3579 pudendam
897 3482 942 3553 ad
966 3479 1119 3576 inopiam
1136 3481 1231 3553 dela-

260 3601 409 3672 beretur.

228 3790 231 3794 .
305 3722 482 3795 XXXIX.
510 3725 656 3795 EoneM
679 3748 784 3812 ann0,
811 3720 975 3818 mancipii
996 3720 1097 3795 unius
1125 3720 1230 3794 auda-

257 3837 323 3930 cia,
349 3840 385 3911 ni
407 3842 540 3913 matur&
564 3840 771 3915 subventum
790 3841 894 3931 foret,
919 3839 1093 3914 discordiis
1113 3837 1231 3912 armis-

260 3983 329 4054 que
357 3959 516 4035 civilibus
544 3961 795 4059 rempublicam
825 3960 1027 4057 perculisset.
1075 3958 1231 4035 Postumi

719 4082 761 4154 H
784 4102 804 4153 2
