2986 5138
454 554 761 625 Arruntium
793 500 902 624 Ιώ.
935 552 964 624 Ι.
1159 576 1180 652 5

211 743 274 792 mo
288 717 357 792 sub.
379 721 475 793 Nam
489 719 621 818 genitos
634 721 806 819 Agrippi,
824 720 948 794 Caium
961 746 1001 793 ac
1011 722 1180 815 Lucium,

211 838 249 911 in
277 838 445 912 familiam
472 839 645 914 Caesarum
668 841 868 927 induxerat3
895 842 1046 914 necdum
1074 846 1181 940 posrrd

210 957 332 1055 puerili
349 961 528 1055 praetextd,
547 962 707 1058 princpes
709 962 891 1058 juventutis
906 961 1084 1057 appellari,
1103 960 1179 1035 des·

209 1077 311 1151 tinati
332 1077 499 1168 consules,
528 1077 639 1175 specie
655 1077 836 1152 recusantis
848 1078 1101 1176 flagrantissime
1118 1107 1180 1154 cu-

212 1196 354 1292 piverat.
402 1200 457 1270 Ut
472 1198 633 1296 Agrippa
657 1197 728 1271 vitri
755 1199 926 1286 conceffit,
952 1199 999 1270 L.
1015 1197 1183 1274 Caesarem

209 1336 349 1389 euntem
366 1318 409 1389 ad
427 1315 669 1413 Hispanienses
686 1317 869 1407 exercitus,
886 1316 1012 1389 Caium
1028 1341 1182 1391 remeam

209 1453 281 1506 tem
294 1436 473 1526 Armenii,
488 1443 521 1509 δι
532 1439 673 1510 vulnere
690 1436 897 1526 invalidum,
915 1461 1007 1509 mors
1019 1435 1090 1509 sato
1102 1462 1181 1535 pro·

212 1577 307 1648 pera,
320 1557 376 1627 vel
392 1580 549 1629 novercae
567 1555 680 1629 Liviae
700 1557 799 1629 dolus
816 1555 972 1640 abstulit3
998 1554 1183 1654 Drusoque

211 1671 345 1768 pridem
363 1674 544 1764 exstineto,
555 1678 652 1748 Nero
667 1673 755 1747 solus
769 1700 787 1747 e
801 1673 967 1772 privignis
983 1694 1071 1747 erat:
1099 1675 1183 1748 illuc

210 1794 336 1864 cuneta
359 1818 519 1891 vergere:
560 1793 665 1883 filius,
700 1795 834 1891 collega
861 1791 1012 1889 imperii,
1047 1791 1181 1867 consors

209 1909 400 1984 tribuniciae
412 1912 585 2008 potestatis
598 1910 799 2002 adsumitur,
813 1909 1000 2008 omnesque
1014 1937 1073 2009 per
1083 1936 1181 1985 exer-

208 2028 298 2103 citus
313 2031 516 2104 ostentatur:
542 2057 613 2104 non
624 2029 788 2121 obscuris,
807 2052 846 2104 ut
857 2051 970 2120 antea,
989 2030 1106 2102 matris
1128 2056 1181 2106 ar·

209 2147 315 2239 tibus,
333 2149 390 2223 sed
408 2153 524 2247 palam
541 2153 687 2224 hortatu.
737 2154 832 2223 Nam
850 2148 964 2222 senem
982 2150 1184 2256 Augustum

210 2267 413 2342 devinxerat
436 2267 537 2360 aded,
555 2270 608 2343 uti
625 2290 789 2367 nepotem
805 2268 965 2357 unicum,
984 2268 1182 2365 Agrippam

209 2385 426 2479 Postumum,
441 2388 477 2462 in
487 2387 632 2463 insulam
641 2391 829 2462 Planasiam
843 2385 1038 2484 projiceret:
1057 2393 1182 2464 rudem

208 2502 286 2578 sane
310 2508 480 2581 bonarum
502 2509 642 2600 artium,
672 2508 706 2579 δι’
735 2509 857 2580 robore
884 2506 1034 2603 corporis
1059 2506 1182 2581 stolide

209 2621 372 2716 ferocem,
385 2628 513 2709 nullius
525 2649 642 2700 tamen
654 2625 776 2725 flagitii
792 2645 1022 2722 compertum.
1040 2631 1091 2699 At
1102 2629 1180 2701 her·

210 2745 286 2817 cul&
299 2747 547 2821 Germanicum
555 2745 666 2822 Druso
676 2768 805 2835 ortum,
816 2747 897 2818 osto
906 2744 1002 2841 apud
1013 2745 1182 2819 Rhenum

209 2863 403 2962 legionibus
428 2864 604 2963 imposuit,
631 2863 820 2962 adscirique
844 2888 904 2960 per
920 2861 1183 2961 adoptionema

208 2982 352 3056 Tiberio
374 2983 481 3082 jussit,
511 3010 726 3082 quamquam
753 2985 834 3056 esset
861 2981 896 3053 in
913 2981 1022 3053 domo
1048 2981 1183 3054 Tiberii

210 3102 600 3200 iiliusjuvenis,sedqub
610 3103 765 3200 pluribus
776 3098 998 3174 munimentis
1010 3100 1181 3173 insisteret.

208 3221 345 3294 Bellum
361 3226 400 3296 et
422 3224 621 3320 tempestate
650 3224 800 3321 nullum,
833 3221 894 3293 nifi
916 3220 1077 3292 adversita
1093 3222 1181 3291 Ger·

144 3346 147 3353 '
211 3364 333 3413 manos
363 3339 551 3439 supererat:
590 3342 769 3414 abolendae
798 3338 909 3436 magis
937 3336 1102 3427 insamiae,
1135 3339 1183 3410 ob

211 3458 372 3532 amissum
401 3487 483 3534 cum
507 3460 700 3559 Quindilio
727 3462 818 3532 Varo
843 3455 1050 3543 exercitum,
1074 3453 1183 3549 quim

209 3578 375 3674 cupidine
393 3579 586 3676 proferendi
606 3578 757 3678 imperii,
781 3597 840 3650 aut
865 3575 1013 3672 dignum
1031 3573 1078 3644 ob
1095 3596 1181 3667 prae-

211 3694 334 3769 mium.
360 3697 469 3770 Domi
485 3723 536 3770 res
552 3698 764 3796 tranquillae:
783 3699 905 3769 eadem
922 3690 1184 3789 magistratuum

212 3817 394 3890 vocabula.
430 3817 591 3912 Junioroo'
599 3815 865 3916 postAetiacam
874 3810 1068 3902 victoriam,
1079 3809 1182 3885 etiam

727 3933 801 4034 B'a
