2986 5138
263 570 329 619 120
491 542 533 617 C.
561 543 797 615 Consenti
823 541 1001 613 Tacrrr

257 713 430 811 utriusque
456 715 568 811 regni,
594 718 616 786 fi
649 711 870 810 sperneretur,
903 709 1077 783 vindicem
1091 732 1223 785 merue-

259 837 344 906 bat:
369 833 545 905 enimvero
577 832 692 904 auditi
718 830 906 904 mutatione
934 828 1117 925 Principis,
1156 831 1223 904 im·

258 952 393 1025 mittere
410 953 579 1024 latronum
597 952 735 1047 globos,
755 947 950 1022 exscindere
966 948 1115 1038 castella,
1143 976 1223 1023 cau-

258 1069 306 1142 sas
331 1072 434 1142 bello.
495 1110 498 1115 ·

303 1192 418 1262 LXV.
443 1190 570 1261 Nuus
588 1186 686 1283 aeque
702 1185 883 1258 Tiberium
896 1184 1039 1258 anxium
1056 1186 1218 1275 habebat,

256 1309 365 1405 quim
393 1332 436 1378 ne
463 1307 651 1401 composita
677 1307 916 1378 turbarentur:
951 1304 1073 1402 deligit
1101 1325 1220 1378 centu-

256 1425 404 1513 rionem,
423 1423 482 1520 qui
498 1422 669 1496 nuntiaret
686 1423 838 1520 regibuS,
874 1430 901 1465 “
913 1448 956 1496 ne
972 1422 1075 1495 armis
1091 1419 1221 1520 discep-

258 1550 411 1615 “tarent
428 1544 464 1613 :''
493 1541 676 1638 statimque
707 1567 728 1613 a
754 1543 865 1636 Cotye
880 1540 1015 1613 dimissa
1025 1540 1114 1633 sunt,
1144 1570 1222 1640 quae

259 1679 449 1758 paraverat,
488 1658 624 1732 auxilia.
690 1659 922 1757 Rhescuporis
951 1662 1031 1733 fissi
1057 1663 1224 1737 modestirl

257 1779 419 1876 postulat,
451 1784 478 1820 “
495 1780 659 1851 eumdem
675 1778 711 1850 in
728 1780 846 1851 locum
863 1779 1022 1866 coiretur,
1053 1783 1146 1875 posse
1177 1784 1223 1855 de

257 1906 285 1941 “
303 1896 536 1971 controversiis
564 1897 753 1994 conloquio
780 1898 920 1995 transigi
933 1899 969 1969 :''
997 1923 1059 1971 nec
1076 1899 1137 1971 diu
1153 1901 1218 1972 du-

255 2018 403 2091 bitatum
430 2018 475 2090 de
506 2037 676 2112 tempore,
708 2017 800 2105 loc0,
826 2017 907 2091 dein
935 2016 1217 2091 conditionibus:

255 2139 337 2210 clim
353 2138 437 2208 alter
454 2132 628 2224 facilitate,
657 2137 741 2207 alter
772 2133 893 2209 fraude
924 2139 1046 2210 cunda
1074 2135 1160 2207 inter
1187 2135 1220 2209 se

256 2257 498 2343 concederent,
531 2254 802 2350 acciperentque.
852 2251 1081 2350 Rhescuporis
1113 2252 1220 2327 sanei-

254 2374 360 2461 end0,
388 2394 426 2445 ut
449 2373 638 2462 dislitabat,
672 2373 808 2462 soederi,
842 2372 1039 2446 convivium
1073 2370 1217 2469 adjicit;

254 2493 430 2586 tradasque
459 2491 495 2563 in
524 2493 668 2564 multam
697 2493 835 2564 nostem
863 2489 991 2581 laetitial,
1022 2517 1082 2588 per
1103 2494 1220 2587 epulas

253 2635 295 2681 ac
323 2607 548 2685 vinolentiam
575 2609 752 2683 incautum
788 2611 918 2704 Cotyn,
960 2614 993 2683 s
1040 2611 1220 2707 postquam

255 2728 378 2800 dolum
397 2727 623 2816 intellexerat,
644 2735 671 2770 “
690 2728 781 2801 sacra
798 2727 910 2826 regni,
923 2727 1222 2826 ejusdemfamiliae

255 2853 284 2889 “
301 2848 397 2936 deos,
425 2849 457 2918 ὃ(
487 2845 668 2942 hospitales
682 2847 836 2921 mensas'’
860 2847 1100 2938 obtestantem,
1129 2872 1220 2923 tate-

254 2965 307 3041 nis
324 2986 454 3040 onerat.
503 2965 721 3062 Thraciaque
738 2966 834 3038 omni
852 2967 993 3061 potitus,
1021 2966 1146 3063 scripsit
1175 2970 1220 3041 ad

253 3083 451 3175 Tiberium,
476 3092 502 3127 “
520 3085 660 3157 strudas
684 3083 743 3156 fibi
761 3084 908 3173 infidias,
927 3106 1142 3181 praeventum
1167 3089 1219 3160 in-

255 3210 284 3246 “
304 3202 495 3277 fidiatorem
512 3205 548 3275 :’'
578 3204 676 3275 srmul
705 3204 836 3274 bellum
854 3205 1015 3275 adversus
1044 3207 1219 3281 Bastarnas

253 3320 462 3418 Scythasque
487 3323 715 3418 praetendem,
743 3321 841 3394 novis
869 3322 1027 3418 peditum
1056 3330 1088 3397 δι
1122 3324 1218 3424 equi-

253 3458 328 3514 tum
357 3441 464 3537 copiis
490 3439 555 3514 sese
583 3443 751 3515 firmabat.

302 3561 436 3636 LXVI.
460 3563 677 3637 Monuni
696 3558 909 3655 rescriptum,
942 3566 1005 3634 “ss
1022 3560 1110 3634 frans
1123 3562 1215 3634 abes-

256 3685 283 3721 “
301 3675 361 3764 set,
377 3679 469 3772 posse
486 3703 566 3750 eum
580 3677 782 3754 innocentia>
796 3682 918 3753 fidere:
939 3682 1089 3753 ceterum
1103 3705 1214 3775 neque

257 3802 284 3841 “
303 3793 347 3881 se,
373 3819 485 3890 neque
507 3795 673 3885 senatum,
713 3797 771 3868 nisi
796 3798 934 3894 cognitas
957 3801 1069 3887 causal,
1089 3795 1147 3893 jus
1180 3805 1214 3869 δι

255 3918 285 3998 ,“
302 3910 462 4011 injuriam
492 3910 716 3990 discreturos:
756 3915 915 4013 proinde,
942 3915 1067 3990 tradito
1089 3919 1214 4013 Cotye,
