2986 5138
338 570 403 641 188
597 565 1115 643 C.Conuar.1rTac1rr

333 740 431 840 qubd
457 739 528 839 ipse
544 741 746 815 creberrime
763 741 1022 840 interrogabat:
1053 763 1168 837 neque
1195 738 1297 816 resel-

323 860 414 950 lere,
443 881 502 934 aut
527 863 677 951 eludere,
706 862 876 947 dabatur3
904 886 945 934 ac
960 859 1050 958 saepe
1067 858 1170 933 etiam
1186 862 1297 934 confi·

332 981 477 1054 tendum
495 999 579 1071 erat,
608 1006 652 1054 ne
668 977 791 1053 frustra
808 978 1021 1077 quaefivisset.
1069 979 1192 1052 Servos
1209 1004 1299 1076 quo·

330 1123 400 1197 que
440 1098 557 1190 Silani,
592 1120 632 1172 ut
659 1097 839 1172 tormentis
871 1098 1173 1196 interrogarentur,
1202 1099 1299 1172 attor

330 1216 491 1318 publicus
506 1218 680 1316 mancipio
696 1237 899 1315 acceperat:
923 1220 956 1289 dc
978 1242 1022 1290 ne
1049 1216 1125 1314 quis
1146 1218 1297 1290 necessa-

327 1336 457 1412 riorum
478 1336 615 1435 juvaret
647 1335 909 1435 periclitantem,
940 1332 1119 1433 majestatis
1149 1333 1296 1410 crimina

328 1456 573 1546 subdebantur,
602 1456 755 1529 vinclum
773 1460 807 1529 δι
824 1458 996 1530 neceffitas
1012 1454 1141 1529 silendi.
1183 1453 1297 1553 Igitur

331 1573 438 1673 petito
455 1600 645 1671 paucorum
672 1574 809 1648 dierum
838 1570 1030 1672 interjectu,
1060 1571 1295 1647 defensionem

329 1692 381 1768 sut
405 1691 564 1784 deseruit,
593 1696 678 1768 aulis
709 1694 755 1767 ad
781 1692 947 1768 Caesarem
965 1691 1144 1783 codicillis,
1169 1690 1296 1789 quibus
1342 1700 1348 1711 '

329 1810 499 1886 invidiam
525 1817 559 1887 δι
585 1837 702 1910 preces
727 1811 919 1888 miscuerat.

374 1932 543 2006 LXVIII.
569 1933 782 2022 Truentus,
801 1958 880 2029 quae
901 1930 937 2005 in
962 1932 1116 2005 Silanum
1133 1932 1292 2029 parabat,

331 2050 403 2149 qub
419 2051 612 2126 excusatius
627 2050 690 2126 sub
707 2053 871 2148 exemplo
889 2050 1136 2148 acciperentur,
1158 2050 1296 2125 libellos

327 2170 402 2245 divi
430 2170 582 2270 Augusti
610 2172 655 2244 de
687 2167 810 2243 Voleso
836 2170 996 2259 Messall,
1022 2168 1172 2267 ejusdcm
1203 2173 1296 2244 Afiae

329 2288 547 2389 proconsule,
574 2287 775 2387 fastumque
800 2287 837 2361 in
864 2313 946 2361 eum
971 2287 1298 2363 senatusconsultum

329 2409 463 2483 recitari
483 2407 595 2505 jubet.
643 2408 741 2481 Tum
759 2409 805 2480 L.
826 2406 986 2481 Pisonem
1007 2404 1208 2483 sententiam
1238 2434 1296 2483 ro·

331 2548 413 2625 gat:
440 2525 499 2599 ille
515 2527 667 2600 multum
678 2527 723 2600 de
750 2532 778 2569 “
792 2526 975 2601 clementia
990 2525 1184 2623 Principis”
1204 2553 1296 2626 prae·

329 2645 433 2736 fatus,
465 2652 493 2689 “
507 2647 598 2742 aqud
623 2664 728 2741 atque
752 2644 826 2743 igni
850 2645 966 2720 Silano
992 2644 1297 2720 interdicendum”

329 2765 471 2855 censuit,
500 2763 723 2862 “ipsumque
746 2763 783 2836 in
807 2763 949 2838 insulam
967 2769 1123 2863 Gyamm
1140 2766 1296 2863 relegan-

331 2892 359 2929 “
376 2885 500 2957 dum.”
549 2885 682 2956 Eadem
708 2882 822 2973 ceteri,
850 2883 909 2956 nisr
927 2884 1023 2982 qudd
1038 2885 1105 2958 Cn.
1123 2886 1295 2958 Lentulus

330 3011 358 3048 “
375 3002 561 3100 separanda
575 3002 679 3075 Silani
696 3022 849 3076 matema
864 3007 955 3078 bona
974 3004 1123 3102 (quippe
1144 3006 1208 3079 alia
1233 3031 1295 3103 pa·

331 3132 475 3196 “rente
504 3121 628 3220 geniti)
655 3124 900 3219 reddendaque
925 3122 1022 3196 filio''
1052 3124 1155 3214 dixit,
1184 3126 1296 3198 adnu-

329 3264 408 3317 ente
423 3240 580 3315 Tiberio.
620 3246 670 3314 At
686 3241 867 3314 Cornelius
885 3243 1082 3333 Dolabella,
1107 3244 1192 3316 dum
1210 3246 1297 3317 adu-

330 3364 495 3438 lationem
512 3360 649 3458 longius
665 3358 828 3458 sequitur,
847 3361 1018 3457 increpitis
1039 3364 1081 3436 C.
1098 3362 1202 3436 Silani
1218 3389 1296 3436 mo-

330 3483 436 3573 ribus,
450 3480 598 3568 addidit,
626 3487 713 3552 “ne
735 3480 811 3578 quis
828 3480 899 3554 vitai
916 3481 1110 3579 probrosus,
1134 3486 1167 3554 δι
1191 3507 1295 3578 oper-

332 3609 359 3646 “
378 3622 433 3673 tus
449 3599 603 3688 infamia,
623 3599 838 3695 provinciam
855 3600 1051 3685 sortiretur;
1076 3600 1182 3698 idque
1194 3600 1295 3675 Prin·

332 3727 359 3762 “
378 3745 458 3815 ceps
476 3716 697 3815 dijudicaret:
727 3745 810 3792 nam
828 3746 848 3792 a
865 3720 1000 3817 legibus
1016 3720 1140 3792 delisla
1155 3721 1292 3817 puniri:

333 3845 361 3882 “
379 3837 509 3934 quantb
536 3835 610 3909 sore
636 3837 749 3909 mitius
773 3837 809 3910 in
832 3839 934 3935 ipsos,
960 3839 1083 3914 melius
1109 3837 1145 3912 in
1170 3838 1293 3932 socios,

333 3953 551 4057 “provideri
577 3981 621 4030 ne
645 3959 880 4053 peccaretur.’'
