2986 5138
432 602 727 677 Arruntium
768 600 877 674 Lra.
919 603 980 675 Vl.
1120 626 1187 703 277

263 767 327 841 ΙΙΙ.
369 773 428 842 Ar
467 775 628 866 Jourunr
665 773 878 864 Gallionem,
914 772 1185 871 quicensuerat,

216 893 300 959 “ut
326 890 537 985 praetoriani,
562 893 645 964 aclis
668 893 857 989 stipendiis,
877 891 934 988 jus
956 890 1186 987 apiscerentur

213 1011 242 1046 “
262 1005 298 1077 in
316 1011 578 1103 quatuordecim
606 1011 783 1084 ordinibus
812 1010 991 1100 sedendi,''
1021 1010 1189 1082 violenter

214 1123 404 1222 increpuit;
430 1132 525 1201 velut
546 1155 663 1203 coram
681 1130 846 1227 rogitans,
879 1137 905 1172 “
926 1129 1012 1226 quid
1031 1128 1081 1199 illi
1106 1153 1189 1201 cum

216 1250 244 1286 “
264 1246 443 1334 militibus,
472 1274 559 1344 quos
583 1275 696 1345 neque
713 1251 806 1321 dieta
823 1248 1059 1344 Imperatoris,
1077 1273 1191 1344 neque

217 1365 401 1459 “praemia
425 1365 485 1440 nifi
512 1371 556 1440 ab
584 1370 795 1464 Imperatore
817 1368 972 1464 accipere
994 1392 1054 1463 par
1077 1368 1186 1440 esset?

215 1488 242 1523 “
260 1483 418 1578 reperisse
455 1484 601 1580 prorsus,
652 1487 748 1582 quod
782 1486 884 1558 divus
918 1486 1098 1582 Augustus
1117 1509 1190 1557 non

211 1607 240 1643 “
259 1603 475 1697 providerit?
496 1631 539 1676 an
555 1604 668 1701 potiris
684 1604 888 1677 discordiam
907 1603 1153 1677 &seditionem
1169 1629 1191 1676 a

215 1717 401 1793 “satellite
433 1720 544 1818 Sejani
573 1726 761 1818 quaesrtam,
804 1727 873 1820 qud
911 1724 1010 1795 rudes
1042 1723 1188 1813 animos,

215 1846 243 1881 “
261 1841 404 1913 nomine
421 1840 575 1929 honoris,
593 1841 637 1912 ad
656 1843 951 1938 corrumpendum
964 1841 1095 1915 militiae
1112 1865 1189 1914 mo·

214 1966 242 2000 “
261 1982 336 2032 rem
361 1960 566 2056 propelleret
580 1962 620 2031 ?''
671 1962 755 2032 Hoc
789 1959 940 2057 pretium
975 1959 1090 2031 Gallio
1115 1984 1189 2031 me·

213 2079 330 2152 ditatae
347 2077 552 2151 adulationis
570 2079 659 2167 tulit,
688 2077 803 2150 statim
826 2078 930 2168 curia,
949 2077 1075 2150 deinde
1095 2077 1190 2150 ltalia

213 2199 376 2270 exodus:
406 2201 439 2269 δι
458 2196 537 2293 quia
556 2194 775 2269 incusabatur
792 2196 890 2270 facile
908 2199 1111 2268 toleraturus
1127 2221 1187 2267 ex-

214 2315 340 2405 filium,
378 2317 511 2388 delecta
536 2318 666 2404 Lesbo,
705 2313 812 2388 insula
836 2314 946 2388 nobili
970 2319 1003 2387 ὃς
1033 2317 1186 2404 amoeml,

212 2435 394 2507 retrahitur
415 2435 451 2506 in
475 2437 626 2524 Urbem,
652 2433 913 2531 custoditurque
935 2433 1098 2507 domibus
1115 2459 1188 2506 ma·

213 2553 430 2648 gistratuum
480 2553 605 2626 lisdem
628 2553 733 2626 literis
760 2550 870 2625 Caesar
895 2552 1052 2627 Sextium
1078 2555 1188 2625 Paco-

213 2671 357 2743 nianum
382 2671 581 2765 praetorium
600 2671 761 2768 perculit,
795 2695 924 2768 magno
946 2690 1085 2767 patrum
1103 2696 1189 2767 gau·

211 2789 286 2880 dio,
309 2789 490 2878 audacem,
508 2791 721 2879 maleficum,
740 2789 901 2862 omnium
924 2787 1046 2862 secreta
1061 2788 1188 2862 riman-

213 2927 299 2995 tem,
332 2908 577 3004 deleclumque
605 2934 625 2980 a
648 2907 782 3004 Sejan0,
812 2907 907 3005 cujus
929 2933 997 3004 ope
1019 2909 1120 2980 dolus
1143 2909 1186 2981 C.

212 3025 335 3099 Caesari
373 3046 572 3122 pararetur:
617 3027 713 3122 quod
743 3027 925 3123 postquam
961 3025 1186 3121 patesadum,

213 3146 399 3242 prorupere
416 3166 584 3242 concepta
599 3146 734 3242 pridem
751 3144 845 3234 odia,
865 3149 899 3217 δι
916 3144 1093 3217 summum
1109 3144 1187 3240 sup-

213 3263 356 3360 plicium
372 3265 635 3353 decernebatur,
664 3264 699 3336 ni
716 3261 881 3359 professus
898 3263 1066 3334 indicium
1088 3262 1186 3335 foret.

261 3385 323 3453 IV.
346 3384 409 3455 Ur
427 3382 527 3454 vani>
551 3382 730 3455 Latinium
747 3382 925 3455 Latiarem
942 3382 1107 3477 ingressus
1124 3382 1185 3470 est,

214 3499 389 3574 accusator
404 3527 443 3573 ac
461 3526 537 3574 reus
558 3500 659 3598 juxta
676 3501 788 3590 invifi,
813 3500 1037 3598 gratissimum
1059 3500 1186 3596 specla-

212 3623 331 3695 culum
349 3623 577 3716 praebebatur.
627 3620 788 3707 Latiaris,
808 3641 845 3692 ut
861 3619 973 3707 retuli,
994 3619 1186 3714 praecipuus

213 3739 300 3812 olim
322 3738 617 3812 circumveniendi
636 3738 723 3810 Titii
743 3739 873 3828 Sabini,
892 3743 925 3810 δι
942 3759 1024 3810 tunc
1049 3739 1185 3811 luendae

213 3885 327 3954 poenae
350 3857 481 3955 primus
504 3856 580 3930 fuit.
629 3859 723 3930 lnter
747 3884 825 3955 quae
842 3857 1008 3930 Haterius
1026 3856 1186 3954 Agrippa

214 3976 368 4050 consules
393 3977 474 4049 anni
500 3977 619 4075 prioris
642 3975 777 4073 invafit,
804 3984 912 4052 “cur
936 3980 1057 4051 mutud
1083 4002 1184 4050 accu-

645 4096 726 4192 Ta
