2986 5138
256 570 322 643 166
464 568 506 640 C.
531 568 775 641 Conuesrr
803 566 982 641 Taeter

252 739 364 838 Igitur
379 739 420 815 C.
436 740 568 813 Cestius
577 738 708 813 senator
719 738 891 824 disseruit;
920 745 946 783 “
959 734 1133 832 Principes
1143 736 1222 834 qui·

254 864 382 936 “dem
409 863 511 935 instar
538 859 686 933 deorum
709 861 800 932 esse:
830 858 887 932 sed
909 882 1022 954 neque
1037 882 1058 928 a
1072 854 1138 929 diis
1160 856 1222 930 nist

254 988 283 1025 “
295 979 401 1078 justas
410 980 603 1079 supplicum
616 1007 733 1078 preces
745 977 868 1068 audiri,
883 1001 996 1073 neque
1007 999 1223 1072 quemquam

255 1107 282 1144 “
301 1100 337 1173 in
349 1099 578 1196 Capitolium,
592 1100 701 1176 aliave
713 1098 822 1177 Urbis
834 1097 964 1193 templa
976 1093 1168 1192 perfugere,
1180 1115 1221 1170 ut

255 1222 283 1261 “
300 1244 342 1291 eo
367 1217 515 1292 subfidio
536 1221 583 1291 ad
610 1218 739 1316 flagitia
761 1237 887 1291 utatur.
938 1214 1096 1289 Abolitas
1112 1216 1219 1311 leges,

254 1344 283 1381 “
301 1341 334 1409 &
351 1336 503 1412 funditus
520 1337 643 1427 versas,
670 1338 731 1411 ubi
749 1337 785 1409 in
800 1339 888 1424 som,
911 1335 948 1408 in
967 1333 1088 1409 limine
1103 1332 1219 1423 curia,

255 1462 283 1499 “
300 1459 345 1530 ab
359 1457 474 1529 Annia
484 1458 629 1547 Rufilla,
654 1482 760 1554 quam
773 1455 902 1529 fraudis
918 1451 1109 1553 subjudice
1120 1455 1219 1529 dam·

255 1581 284 1618 “
301 1575 458 1665 navisset,
487 1579 613 1672 probra
631 1574 742 1648 fibi&
760 1575 862 1649 miuae
885 1574 1132 1647 intendantur:
1159 1597 1219 1646 ne·

255 1699 283 1737 “
302 1719 370 1789 que
394 1691 464 1788 ipse
480 1695 602 1767 audeat
619 1694 670 1788 jus
686 1694 846 1791 experiri,
874 1697 921 1767 ob
937 1694 1088 1791 effigiem
1104 1695 1220 1789 Impe-

255 1818 283 1854 “
300 1810 416 1885 ratotis
432 1815 660 1909 oppositam.''
685 1815 796 1887 Haud
815 1813 982 1894 dissimilia
998 1813 1068 1903 alii,
1095 1817 1129 1886 ὅτ
1143 1813 1221 1910 qui·

252 1931 337 2004 dam
377 1931 545 2005 atrociora
584 1931 933 2029 circumstrepebant3
981 1934 1221 2028 precabantur-

254 2077 323 2151 que
349 2049 516 2143 Drusum,
542 2060 569 2098 “
582 2054 680 2126 daret
706 2051 847 2126 ultionis
875 2053 1078 2147 exemplum
1095 2053 1131 2123 :”
1156 2052 1220 2124 do-

253 2198 318 2246 nec
330 2172 477 2246 accitam
487 2172 751 2268 convislamque
768 2171 902 2245 attineri
919 2170 1057 2268 publica
1069 2170 1223 2247 custodia

247 2286 351 2389 juffit.
1152 2290 1157 2301 ’

302 2411 494 2481 XXXVII.
530 2413 587 2482 Er
608 2411 830 2483 Cousrmus
849 2411 1003 2508 AEquus,
1034 2415 1067 2485 a
1090 2410 1241 2485 Coelius

253 2523 378 2599 Cursor
393 2528 525 2624 equites
543 2528 711 2617 Romani,
742 2529 837 2625 qudd
853 2531 941 2603 fictis
958 2529 1138 2629 majestatis
1154 2531 1221 2604 cri-

254 2644 406 2719 minibus
434 2645 601 2743 Magium
626 2646 869 2737 Caecilianum,
903 2669 1099 2746 praetorem,
1132 2651 1219 2748 peti-

252 2766 387 2854 vissent,
417 2767 556 2838 auclore
571 2764 744 2862 Principe,
773 2793 812 2839 ac
834 2768 973 2840 decreto
994 2766 1126 2842 senatsrs
1155 2797 1220 2866 pu-

252 2885 326 2959 niti.
376 2888 576 2980 Utrumque
588 2885 623 2956 in
636 2886 774 2959 laudem
785 2888 884 2958 Drusi
898 2889 1110 2962 trahebatur:
1137 2893 1222 2963 “ab

254 3012 282 3048 “
299 3031 354 3094 eo,
391 3005 427 3076 in
451 3007 551 3077 Urbe
568 3005 654 3077 inter
670 3026 780 3078 toetus
798 3004 1018 3080 &sermones
1040 3007 1222 3082 hominum

254 3132 282 3167 “
300 3125 516 3212 obversante,
543 3122 665 3196 secreta
681 3123 781 3220 patris
795 3124 941 3221 mitigari
957 3129 993 3197 :’'
1015 3152 1129 3224 neque
1142 3129 1220 3200 lux-

252 3243 344 3317 usin
355 3242 485 3341 juvene
502 3241 589 3314 adeo
605 3242 804 3338 displicebat
821 3272 829 3315 :
857 3251 883 3287 “
903 3246 969 3319 huc
987 3246 1099 3342 potius
1112 3247 1221 3318 inten-

253 3371 281 3406 “
299 3365 408 3451 deret,
434 3361 527 3433 diem
545 3361 765 3451 editionibus,
795 3365 931 3436 noctem
957 3364 1127 3437 conviviis
1152 3386 1220 3439 tra-

255 3491 282 3524 “
301 3484 409 3571 heret,
441 3483 547 3578 quiun
567 3479 655 3552 solus
673 3486 706 3553 a<
724 3480 825 3553 nullis
842 3483 1080 3578 voluptatibus
1097 3510 1221 3558 avoca-

255 3610 281 3644 “
299 3622 366 3690 tus,
397 3601 549 3673 maestam
579 3599 810 3697 vigilantiam,
842 3606 874 3672 δι
902 3604 1008 3675 malas
1034 3629 1129 3677 curas
1159 3630 1219 3677 ex·

254 3706 281 3741 “
300 3700 460 3770 erceret.”

301 3816 507 3888 XXXVIII.
520 3817 611 3888 Nou
625 3815 717 3888 enim
730 3817 905 3907 Tiberius,
927 3844 997 3890 non
1011 3819 1220 3893 accusatores

252 3933 464 4011 fatiscebant.
516 3937 563 4016 Et
588 3936 783 4015 Ancharius
808 3937 939 4013 Priscus
961 3941 1110 4014 Castum
1133 3942 1220 4031 Cor·
