2986 5138
406 541 711 621 Annntrunr
744 542 854 618 Lru.
887 540 915 617 Ι.
1112 570 1155 622 21

184 712 278 804 culo,
303 711 438 788 sarcinis
455 737 610 813 gravant,
631 736 807 813 aguntque
824 715 935 813 primo
951 715 986 787 in
1002 697 1156 815 agmine,

185 858 246 930 per
258 834 444 908 ludibrium
456 835 656 932 rogitantes,
676 842 704 877 “
718 861 761 907 an
774 856 844 908 tam
858 834 1022 909 immensa
1037 863 1156 929 onera,

188 960 217 995 “
236 973 306 1025 tarn
324 954 430 1052 longa
446 954 563 1026 itinera
579 955 723 1026 libenter
738 953 836 1028 ferret
853 960 865 1028 ?
885 956 908 988 ''
924 954 1064 1054 Qippe
1080 961 1157 1031 Ru·

185 1072 238 1145 fus
269 1074 330 1146 diu
363 1074 596 1170 manipularis,
626 1074 706 1147 dein
734 1074 899 1164 centuri0,
929 1098 1015 1147 mox
1047 1077 1158 1148 castris

184 1190 375 1289 praefeslus,
392 1193 569 1289 antiquam
581 1196 772 1290 duramque
789 1193 949 1265 militiam
960 1197 1157 1285 revocabat,

185 1329 284 1383 vetus
301 1311 411 1408 operis
426 1337 467 1384 ac
484 1313 623 1404 laboris,
654 1317 687 1385 &
704 1312 746 1385 eb
762 1312 941 1402 immitior,
975 1312 1056 1409 quia
1072 1315 1158 1386 tole·

184 1451 324 1502 taverat.

234 1552 336 1622 XXI.
361 1552 517 1623 Honunr
534 1547 685 1624 adventu
702 1551 949 1649 redintegratur
963 1545 1097 1642 seditio,
1123 1555 1158 1626 δι

184 1669 265 1765 vagi
310 1667 525 1769 circumjesla
555 1673 820 1768 populabantur.
857 1669 980 1744 Blaesus
1013 1695 1155 1767 paucos,

183 1787 336 1861 maxime
365 1792 479 1886 praedl
512 1791 662 1879 onustos,
693 1792 738 1862 ad
765 1808 927 1863 terrorem
953 1808 1157 1880 ceterorum,

183 1907 286 1980 adfici
301 1908 514 1999 verberibus,
544 1908 657 1982 claudi
674 1907 938 2006 carcerejubet3
957 1934 1038 1981 nam
1054 1908 1159 1982 etiam

183 2047 258 2100 tum
275 2029 390 2126 legato
406 2028 705 2117 acenturionibus,
726 2032 759 2102 δι
777 2029 912 2125 optimo
929 2052 1070 2126 quoque
1085 2053 1158 2102 rna·

184 2146 402 2244 nipularium,
445 2150 635 2245 parebatur.
684 2146 739 2220 llli
780 2147 891 2220 obniti
930 2147 1157 2237 trahentibus,

184 2265 335 2362 prensare
352 2265 640 2340 circumstantium
657 2292 782 2364 genua,
816 2265 903 2338 ciere
919 2264 1029 2337 modo
1045 2264 1158 2337 nomi·

183 2410 229 2458 na
253 2388 478 2484 fingulonrm,
511 2384 619 2458 modb
652 2385 839 2458 centuriam
872 2379 1029 2482 quisque,
1063 2381 1159 2481 cujus

184 2503 402 2601 manipularis
443 2523 527 2595 erat,
570 2506 761 2594 cohortem,
805 2502 993 2602 legionem,
1035 2504 1158 2576 eadem

182 2624 343 2697 omnibus
376 2625 557 2697 imminere
583 2623 817 2696 clamitantes:
837 2624 936 2696 simul
969 2624 1094 2719 probra
1121 2621 1159 2695 in

183 2740 337 2839 legatum
370 2745 570 2829 cumulant3
588 2745 713 2816 caelum
741 2766 782 2816 ac
808 2741 892 2814 deos
922 2741 1156 2816 obtestantur:

183 2862 267 2935 nihil
283 2863 405 2961 reliqui
432 2862 574 2952 faciunt,
604 2860 790 2959 quominus
805 2874 807 2879 ’
821 2859 1003 2949 invidiam,
1032 2858 1158 2932 miseri·

184 2982 349 3071 cordiam,
380 3003 528 3071 metum,
559 2985 592 3053 δι
619 2980 682 3052 iras
709 2999 959 3077 permoverent.
993 2977 1158 3051 Adcurri-

182 3116 237 3173 tur
252 3102 297 3173 ab
325 3100 498 3188 universis,
529 3102 710 3172 &carcere
726 3099 879 3188 effraslo,
912 3096 1049 3170 solvunt
1080 3097 1158 3169 vin·

183 3223 283 3306 cula;
300 3216 549 3317 desertoresque
566 3246 605 3292 ac
617 3243 731 3292 rerum
747 3216 944 3314 capitalium
960 3217 1159 3306 damnatos,

184 3340 243 3415 fibi
253 3338 329 3437 jam
345 3337 496 3412 miscent.

230 3459 350 3531 XXII.
379 3461 670 3531 Frncnnnrron
689 3457 769 3530 inde
791 3457 857 3546 ris,
876 3456 987 3551 plures
1004 3450 1159 3527 seditioni

182 3578 310 3651 duces:
358 3581 392 3650 δι
427 3578 618 3651 Vibulenus
660 3576 803 3674 quidam
836 3573 1011 3671 gregarius
1043 3571 1157 3662 miles,

182 3716 261 3769 ante
288 3696 438 3770 tribunal
465 3698 559 3770 Blaefi
577 3696 753 3769 adlevatus
782 3690 1071 3767 circumstantium
1092 3692 1157 3764 hu-

183 3815 297 3905 meris,
323 3818 416 3913 apud
448 3819 614 3905 turbatos,
644 3819 678 3887 δι
710 3814 793 3912 quid
828 3831 959 3910 pararet
985 3809 1155 3884 intentos:

184 3937 303 4007 “Vos
331 3935 514 4032 quidem,”
547 3933 672 4031 inquit,
704 3941 731 3976 “
760 3933 813 4005 his
842 3929 1093 4022 innocentibus,
1124 3934 1158 4003 δι

693 4052 768 4148 Ca
