2986 5138
393 564 698 635 Auunrtuur
731 561 927 635 Lrulll.
1100 565 1166 659 185

205 742 234 779 “
251 755 387 832 tegram
404 733 535 808 rursum
551 737 595 809 ad
611 733 766 808 senatum
784 733 980 808 referrent.'’
1003 735 1168 809 Consules

202 853 303 951 super
317 879 373 927 eas
390 853 555 945 civitates,
582 881 665 952 quas
694 853 899 945 memoravi,
930 859 957 895 “
975 857 1069 951 apud
1085 857 1167 929 Per-

204 982 233 1017 “
251 999 396 1072 gamum
424 972 614 1069 AEsculapii
647 992 868 1070 compertum
893 972 1049 1070 asylum”
1076 995 1167 1048 retu·

201 1095 339 1166 lerunt:
369 1099 395 1135 “
413 1113 541 1165 ceteros
574 1090 724 1166 obscuris
756 1094 803 1165 ob
836 1093 1037 1166 vetustatem
1064 1091 1167 1166 initiis

202 1219 231 1255 “
249 1211 334 1284 niti:
361 1239 441 1285 nam
458 1215 651 1307 Smyrnaeos
680 1212 859 1283 oraculum
888 1210 1076 1308 Apollinis,
1105 1239 1166 1285 eu·

203 1328 303 1428 “jus
319 1330 464 1428 imperio
480 1330 698 1404 Stratonicidi
727 1330 852 1404 Veneri
879 1332 1050 1427 templum
1072 1331 1166 1405 dica·
1277 1425 1282 1433 ·

203 1458 233 1495 “
251 1451 384 1524 verint:
420 1450 550 1523 Tenios
583 1448 732 1549 ejusdem
758 1475 895 1523 carmen
923 1448 1061 1541 referre,
1094 1477 1166 1549 quo

203 1576 231 1612 “
248 1569 376 1644 sacrare
392 1568 550 1666 Neptuni
567 1568 732 1667 effigiem,
762 1570 943 1666 aedemque
970 1567 1049 1667 juffi
1077 1575 1162 1644 srnt:

202 1691 409 1787 “propiora
436 1689 637 1775 Sardianos3
663 1687 853 1762 Alexandri
875 1687 1011 1763 vidoris
1040 1688 1076 1762 id
1100 1690 1166 1762 do·

201 1815 230 1851 “
247 1833 357 1882 num:
393 1834 506 1906 neque
534 1807 648 1883 minus
672 1806 827 1882 Milesros
854 1807 963 1882 Dario
979 1832 1060 1907 rege
1077 1808 1162 1883 niti:

200 1934 229 1970 “
246 1925 303 2000 sed
318 1928 431 2000 cultus
447 1926 632 2002 numinum
661 1926 825 2025 utrisque,
852 1926 1002 2000 Dianam
1029 1948 1090 2000 aut
1112 1933 1164 2002 A·

201 2053 230 2090 “
248 2046 414 2144 pollinem
436 2046 634 2120 venerandi.
683 2049 803 2119 Petere
821 2050 854 2119 δι
871 2045 1045 2120 Cretenses
1061 2049 1164 2122 fimu-

200 2173 228 2210 “
247 2169 338 2240 lacto
353 2164 427 2240 divi
443 2165 631 2264 Augusti.”
679 2168 709 2240 F
709 2167 853 2263 adtaque
868 2165 1164 2258 senatusconsulta,

199 2286 278 2383 quls
295 2287 408 2358 multo
424 2310 507 2358 cum
523 2286 666 2375 honore,
685 2285 810 2358 modus
838 2305 954 2359 tamen
971 2286 1164 2383 praescribe-

198 2402 493 2502 batur3jull1que
520 2403 637 2500 “ipsrs
660 2403 696 2476 in
724 2403 861 2502 templis
886 2407 992 2503 figere
1021 2431 1089 2479 aera
1114 2405 1164 2481 sa·-

199 2530 228 2568 “
245 2525 409 2599 erandam
438 2524 485 2596 ad
512 2522 728 2613 memoriam,
757 2549 825 2597 neu
857 2522 967 2621 specie
993 2523 1164 2624 religionis

198 2642 280 2715 “in
302 2641 528 2715 ambitionem
551 2643 827 2716 delaberentur.'’

244 2763 380 2834 LXIV.
411 2763 485 2834 Suu
504 2760 598 2834 idem
616 2780 755 2857 tempus
771 2761 873 2857 Juliae
901 2763 1069 2861 Augustae
1101 2790 1162 2838 va-

195 2880 314 2953 letudo
330 2897 444 2969 atrox,
464 2880 743 2953 necellrtudinem
764 2879 914 2978 Principi
929 2880 1011 2955 fecit
1026 2880 1161 2957 festina-

195 3000 222 3072 ti
240 2999 276 3075 iu
293 3001 430 3072 Urbem
449 2999 599 3071 reditus:
625 3000 748 3077 fincerd
763 3000 878 3072 adhuc
900 2997 990 3072 inter
1015 3021 1162 3077 matrem

195 3117 381 3215 liliumque
397 3117 600 3204 concordid;
632 3121 699 3191 five
722 3117 867 3191 occultis
899 3117 998 3192 odiis.
1035 3122 1162 3219 Neque

190 3237 286 3313 enim
302 3236 414 3310 multo
431 3237 523 3327 ante,
543 3238 623 3312 cum
640 3238 734 3311 haud
751 3239 872 3334 procul
903 3239 1034 3313 theatro
1062 3244 1160 3319 Mar·

190 3358 282 3447 celli,
301 3355 453 3454 effigiem
471 3356 555 3430 divo
573 3357 733 3455 Augusto
755 3355 850 3451 Julia
877 3354 1020 3448 dicaret,
1050 3360 1158 3434 Tibe-

191 3477 232 3552 rii
258 3501 388 3549 nomen
403 3474 464 3549 suo
482 3474 754 3573 postscripserat3
783 3474 890 3573 idque
912 3474 969 3548 ille
995 3478 1159 3553 credeba-

193 3616 264 3688 tur,
288 3616 327 3671 ut
355 3593 494 3669 inferius
511 3592 684 3692 majestate
699 3590 881 3692 Principis,
901 3594 1000 3692 gravi
1017 3600 1050 3669 δι
1066 3594 1157 3671 disfi.

195 3717 322 3792 murata
337 3715 522 3787 offensrone
538 3713 716 3786 abdidiffe.
754 3712 823 3786 Sed
849 3731 926 3786 tum
954 3712 1160 3811 “supplicia

194 3842 222 3877 “
239 3834 321 3924 diis,
349 3833 492 3931 ludique
520 3831 663 3930 magni’'
688 3835 732 3905 ab
764 3834 881 3906 senatu
914 3834 1156 3925 decernuntur,

191 3959 220 4004 “
237 3979 324 4056 quos
350 3952 545 4055 pontifices,
574 3956 607 4027 δι
635 3977 795 4050 augures,
821 3958 854 4027 δι
880 3951 1158 4051 quindecimviri,
