2986 5138
432 522 740 596 Arruntium
774 522 934 597 Linl.
1162 549 1182 625 7

213 683 308 761 bant.
334 689 477 787 Qippe
492 717 609 764 rumor
629 693 816 781 incesserat,
844 717 971 788 paucos
988 713 1066 766 ante
1083 720 1181 767 men-

211 808 274 898 ses,
301 810 514 907 Augustum,
539 812 653 888 erectis
696 811 850 901 consciis,
877 817 910 883 δι
943 812 1068 883 comite
1110 840 1182 885 uno

211 928 320 1001 Fabio
336 929 515 1019 Maximo,
541 932 730 1003 Planasiam
759 934 912 1019 vestum,
939 931 984 1003 ad
1000 930 1180 1005 visendum

212 1046 419 1144 Agrippam.
444 1051 578 1120 Multas
595 1050 665 1121 illic
681 1050 856 1146 utrimque
873 1049 1040 1138 lacrimas,
1067 1055 1100 1122 &
1113 1056 1179 1149 fig-

211 1192 256 1237 na
272 1165 432 1255 caritatis,
459 1166 624 1265 spemque
640 1194 684 1241 ex
702 1191 756 1256 eo,
783 1167 855 1239 sore
874 1188 912 1239 ut
921 1166 1058 1264 juvenis
1076 1193 1180 1262 pena-

211 1284 302 1356 tibus
318 1285 373 1357 avi
389 1287 608 1359 redderetur:
628 1287 724 1383 quod
743 1285 946 1359 Maximum
964 1285 1065 1357 uxori
1083 1288 1180 1358 Mar·

210 1401 272 1474 ciae
300 1403 486 1499 apenriffe:
515 1405 610 1477 illam
638 1402 774 1478 Liv'iae:
804 1430 952 1502 gnarum
969 1404 1005 1475 id
1029 1401 1177 1476 Caesariz

211 1546 324 1617 neque
339 1523 451 1599 multi>
468 1523 555 1620 post,
582 1525 749 1597 exstindo
762 1523 926 1596 Maximo
951 1521 1118 1617 (dubium
1135 1549 1180 1596 an

210 1643 348 1734 quaefitd
374 1644 502 1735 morte)
533 1643 668 1715 auditos
708 1643 744 1714 in
772 1641 889 1714 funere
917 1639 1001 1738 ejus,
1033 1642 1179 1716 Marciae

208 1758 358 1855 gemitus
401 1759 507 1833 semet
539 1760 735 1851 incusantis,
762 1768 788 1803 “
820 1760 917 1857 qudd
950 1757 1049 1832 causa
1081 1760 1178 1833 exitii

209 1883 236 1918 “
263 1878 386 1952 marito
414 1879 561 1951 suisset.''
606 1883 813 1977 Utcumque
841 1877 873 1950 se
901 1904 941 1950 ea
964 1905 1016 1951 res
1042 1879 1178 1969 habuit,

207 1995 356 2068 vixdum
389 1997 553 2094 ingressus
598 1999 775 2093 Illyricum
808 1997 984 2088 Tiberius,
1027 1998 1178 2094 properis

207 2115 323 2188 matris
339 2117 442 2189 literis
458 2117 586 2190 accitur
602 2145 610 2189 :
641 2142 756 2214 neque
771 2113 848 2187 satis
882 2136 1100 2210 compertum
1117 2118 1178 2207 est,

206 2232 386 2330 spirantem
403 2238 517 2310 adhuc
544 2237 743 2334 Augustum
770 2235 864 2331 apud
890 2237 1012 2307 urbem
1029 2237 1176 2325 Nolam,

206 2379 250 2426 an
266 2355 462 2428 exanimem
480 2356 649 2451 repererit.
679 2341 829 2428 Acribus
846 2379 998 2450 namque
1015 2354 1176 2426 custodiis

204 2475 364 2563 domum,
395 2480 428 2547 &
447 2476 519 2548 vias
535 2474 676 2572 sepserat
691 2475 817 2547 Livia:
844 2472 983 2570 laetique
1000 2471 1175 2546 interdum

206 2594 317 2666 nuntii
344 2597 589 2692 vulgabantur,
618 2595 730 2667 donec
759 2591 911 2690 provisis,
942 2617 1020 2688 quae
1037 2610 1176 2688 tempus

205 2716 381 2803 monebat,
420 2716 519 2786 simul
558 2715 728 2786 excessisse
756 2712 969 2810 Augustum,
1000 2714 1033 2782 &
1060 2737 1175 2784 rerum

207 2831 308 2928 potiri
325 2835 501 2905 Neronem
518 2830 609 2904 fama
625 2834 746 2904 eadem
763 2830 852 2903 tulit.

252 2954 312 3024 vl.
330 2955 498 3024 Paruum
515 2950 646 3023 facinus
662 2950 746 3023 novi
763 2949 974 3047 principatus
997 2948 1076 3039 suit,
1094 2948 1175 3023 Pos-

204 3072 292 3157 tumi
309 3071 476 3170 Agrippa
503 3073 636 3144 caedes:
667 3095 772 3167 quem
799 3069 956 3166 ignanrm
985 3067 1174 3143 inermum-

203 3216 285 3287 que,
311 3189 470 3286 quamvis
482 3191 634 3261 firmatus
651 3189 781 3278 animo,
808 3186 964 3260 centurio
982 3213 1073 3285 aegre
1090 3212 1173 3260 con-

203 3308 293 3381 fecit.
344 3307 443 3380 Nihil
460 3309 503 3380 de
516 3311 555 3380 ed
570 3332 606 3380 re
616 3307 777 3380 Tiberius
790 3308 882 3402 apud
899 3303 1055 3378 senatum
1073 3305 1173 3377 diffe-

202 3425 280 3499 ruit.
312 3426 420 3499 Patris
438 3425 528 3524 jussa
553 3429 745 3516 srmulabat,
776 3424 903 3522 quibus
931 3419 1175 3519 praescripsrffet

203 3544 341 3619 tribuno
358 3546 519 3619 castodiae
533 3547 702 3642 adposito,
724 3551 753 3586 “
766 3568 810 3616 ne
820 3543 1033 3615 cundaretur
1046 3537 1174 3634 Agrip-

203 3671 233 3707 “
250 3692 332 3762 pam
348 3686 457 3738 morte
472 3666 633 3754 adficere,
668 3663 877 3761 quandoque
893 3654 962 3754 ipse
978 3654 1175 3751 supremum

203 3784 345 3857 “diem
374 3785 612 3880 explevisset.''
643 3783 761 3855 Multa
787 3782 855 3851 sme
882 3773 991 3849 dubio
1018 3772 1174 3870 saevaque

201 3903 378 4000 Augustus
394 3905 438 3978 de
455 3903 607 3978 moribus
635 3895 858 3973 adolescentis
876 3893 1027 3994 questus,
1056 3912 1095 3966 ut
1111 3915 1173 3965 ex·

673 4020 700 4089 B
720 4044 745 4107 4
