2986 5138
453 544 754 612 Auuassunr
795 541 978 613 L1a.ll.
1157 567 1219 614 121

262 717 290 757 “
309 711 452 800 veniret,
469 710 730 807 transferretque
745 711 911 783 invidiam
928 711 1114 784 crinrinis.”
1158 716 1225 786 Eas

261 833 373 903 literas
388 830 545 902 Latinius
562 831 700 902 Pandus
735 851 923 926 propraetor
957 834 1106 920 Moefiae,
1142 839 1225 905 cum

262 950 441 1038 militibus,
473 950 552 1045 quis
587 950 694 1042 Cotys
728 950 928 1037 traderetur,
972 949 1006 1020 in
1038 951 1224 1024 Thraciam

262 1068 361 1140 misrt.
412 1066 643 1164 Rhescuporis
662 1067 751 1140 inter
776 1089 911 1140 metum
941 1074 973 1140 δι
1004 1069 1089 1141 iram
1118 1096 1223 1142 cunc-

260 1207 364 1277 tatus,
386 1188 508 1261 maluit
527 1186 662 1283 patrati,
682 1188 788 1283 quarn
806 1187 951 1284 incoepti
978 1185 1134 1260 facinoris
1150 1214 1225 1260 reus

260 1308 350 1379 effe:
384 1307 541 1380 “occidi
571 1307 711 1400 Cotyn'’
728 1303 841 1402 jubet,
864 1326 1081 1404 mortemque
1107 1306 1225 1402 sponte

260 1422 435 1520 sumptam
469 1424 663 1497 ementitur.
728 1424 806 1496 Nec
823 1445 938 1497 tamen
955 1425 1068 1498 Caesar
1085 1426 1225 1521 placitas

260 1541 364 1615 semel
381 1565 468 1617 artes
487 1542 659 1626 mutarim
688 1540 746 1614 sed
773 1542 936 1616 desunClo
952 1546 1086 1634 Pand0,
1118 1571 1225 1642 quem

260 1662 322 1735 fibi
339 1661 506 1740 insensum
525 1662 755 1758 Rhescuporis
783 1664 961 1759 arguebat,
987 1664 1224 1760 Pomponium

260 1783 441 1871 Flaccum,
459 1802 611 1854 veterem
635 1780 822 1876 stipendiis,
854 1785 886 1852 δι
917 1783 1006 1853 ατᾶἓι
1034 1807 1115 1854 cunr
1143 1807 1225 1880 rege

258 1899 423 1988 amicitis,
459 1901 572 1995 ebque
588 1899 942 1972 accommodatiorem
957 1901 1000 1972 ad
1018 1898 1223 1993 fallendum,
1263 1912 1268 1920 '

259 2021 307 2090 ob
323 2017 360 2090 id
379 2017 531 2090 maxime
548 2020 684 2091 Moesrae
703 2016 865 2115 praefecit.

306 2140 457 2211 LXVII.
494 2140 675 2211 anccus
706 2137 741 2209 in
769 2137 958 2210 Thraciam
990 2137 1223 2235 transgressus,

260 2283 320 2355 per
352 2256 506 2355 ingentia
546 2256 720 2353 promissa,
761 2257 920 2354 quamvis
947 2258 1156 2356 ambiguum
1190 2262 1224 2330 &

259 2374 381 2449 scelera
396 2374 454 2448 sua
470 2397 700 2473 reputantem,
727 2376 890 2472 perpulit,
914 2397 951 2449 ut
968 2376 1120 2473 praesrdia
1148 2381 1223 2450 Ro·

259 2520 361 2566 mana
377 2495 541 2567 intraret:
568 2495 782 2568 circumdata
797 2495 877 2568 hinc
894 2496 965 2594 regi
981 2495 1090 2593 specie
1112 2499 1222 2569 hono·
1268 2522 1271 2527 ’

259 2611 304 2684 ris
319 2612 434 2685 valida
451 2638 585 2702 manus,
608 2613 818 2711 tribunique,
847 2615 1121 2704 &centuriones
1146 2642 1221 2688 mo·

258 2734 389 2821 nendo,
417 2730 605 2819 suadendo,
641 2737 674 2805 &
701 2733 832 2830 quanto
856 2734 993 2831 longihs
1018 2732 1222 2807 abscedeba-

257 2871 313 2924 tur
328 2850 494 2947 apertiore
511 2849 676 2938 custodis,
695 2850 865 2946 postremo
889 2877 1035 2947 gnarum
1053 2854 1222 2925 necessita-

257 2969 300 3045 tis
315 2969 351 3043 in
368 2971 504 3042 Urbem
520 2971 663 3041 traxere.
706 2967 894 3042 Accusatus
912 2968 946 3040 in
964 2968 1078 3041 senatu
1095 2973 1141 3043 ab
1156 2996 1222 3043 ux-

257 3114 316 3162 ore
344 3088 462 3183 Cotyis
494 3089 691 3177 damnatur‚
725 3090 763 3160 ut
780 3090 900 3184 procul
919 3112 1026 3182 regno
1042 3109 1222 3161 teneretur.

257 3207 408 3281 Thracia
435 3207 471 3281 in
495 3209 763 3281 Rhoemetalcen
791 3208 916 3298 filium,
940 3233 1046 3304 quern
1075 3207 1222 3302 paternis

257 3326 402 3400 consiliis
430 3324 644 3400 adversatum
668 3327 854 3416 constabat,
878 3327 985 3423 inque
1004 3325 1129 3397 liberos
1152 3326 1222 3397 Co-

257 3445 322 3541 tyis
339 3444 524 3517 dividitur:
553 3445 657 3544 iisque
674 3447 831 3519 nondum
847 3443 971 3518 adultis
983 3442 1222 3516 Trebellienus

257 3563 372 3638 Rufus
385 3567 531 3659 praeturas
546 3565 682 3638 sunslus
698 3568 813 3653 datur,
839 3563 898 3660 qui
923 3588 1069 3661 regnum
1087 3562 1221 3637 interim

256 3686 427 3772 uastaret,
453 3688 616 3781 exemplo
645 3712 715 3782 quo
740 3682 882 3782 majores
914 3687 1076 3757 Marcum
1113 3681 1220 3778 Lepi·

255 3804 342 3876 dum
385 3803 564 3878 Ptolemaei
596 3804 709 3877 liberis
747 3822 911 3892 tutorem,
951 3803 986 3874 in
1020 3802 1220 3897 AEgyptum

254 3920 424 4001 miserant.
491 3920 718 4020 Rhescuporis
751 3920 999 3999 Alexandriam
1042 3920 1218 4012 deveslus,
