2986 5138
257 588 324 676 164
448 584 489 656 C.
522 582 793 656 Conunrrr
827 581 1033 653 Tncrrr

254 762 413 850 “neque
440 752 615 825 Caecinam
643 752 790 848 dignum
812 768 915 822 tantae
938 748 985 821 rei
1010 744 1225 820 censorem.’¹

252 874 346 945 Mox
359 872 511 943 Valerius
524 869 739 958 Messalinus,
765 867 820 941 cui
833 893 951 965 parens
964 868 1123 956 Meffala‚
1147 866 1221 938 ine:

251 1012 372 1086 ratque
383 991 502 1086 imago
513 1008 659 1084 paternae
671 985 855 1074 facundiae,
871 984 1053 1082 respondit.
1082 986 1223 1058 “Mul-

256 1115 336 1180 “ta
361 1107 491 1180 duritiae
514 1127 672 1178 veterum
687 1106 723 1177 in
740 1105 861 1177 melius
888 1110 921 1177 δι
947 1103 1056 1177 laetius
1079 1120 1222 1174 mutata.

255 1227 427 1322 “Neque
450 1225 557 1314 enim,
583 1245 622 1297 ut
645 1224 745 1314 olim,
774 1222 921 1296 obfideri
944 1224 1081 1295 Urbem
1105 1221 1221 1310 bellis,

254 1352 283 1388 “
301 1365 360 1417 aut
374 1344 566 1441 provincias
577 1342 712 1414 hostiles
725 1329 808 1426 effess
836 1345 869 1414 δι
888 1366 998 1437 pauca
1013 1339 1222 1413 feminarum

254 1470 282 1507 “
300 1462 547 1537 necessitatibus
561 1459 717 1548 concedi,
732 1486 809 1557 quae
822 1485 865 1533 ne
878 1459 1065 1558 conjugum
1079 1458 1223 1556 quidem

253 1589 281 1624 “
302 1602 453 1677 penates,
479 1579 566 1650 adeb
594 1576 701 1650 socios
729 1604 799 1649 non
824 1598 988 1650 onerent:
1015 1597 1126 1651 cetera
1143 1603 1221 1673 pto·

254 1707 282 1743 “
302 1699 428 1773 misena
445 1723 527 1771 cum
544 1695 680 1785 marito,
714 1722 777 1769 nec
799 1698 912 1769 ullum
929 1697 965 1769 in
982 1722 1023 1769 eo
1040 1694 1133 1793 pacis
1156 1694 1223 1767 im·

253 1824 282 1860 “
303 1820 551 1915 pedimentum.
600 1815 694 1886 Bella
722 1817 823 1909 plane
850 1815 1011 1888 aecindis
1033 1816 1219 1888 obeunda:

255 1943 283 1985 “
299 1934 357 2008 sed
373 1934 622 2009 revertentibus
639 1932 714 2028 post
730 1935 897 2023 laborem,
925 1934 1022 2031 quod
1034 1933 1221 2023 honestius,

255 2060 284 2098 “
302 2057 410 2151 quam
435 2053 598 2127 uxorium
626 2052 887 2125 levamentum?
919 2058 969 2125 At
996 2051 1159 2149 quasdam
1186 2053 1221 2124 in

255 2179 284 2214 “
303 2175 544 2261 ambitionem,
578 2187 637 2242 aut
665 2174 841 2247 avaritiam
864 2170 1044 2272 prolapsas.
1094 2171 1219 2268 Qid?

254 2290 447 2386 “ipsorum
475 2294 751 2391 magistratuum,
776 2319 892 2366 nonne
921 2288 1098 2388 plerosque
1120 2290 1222 2363 variis

255 2416 283 2451 “
301 2408 502 2482 libidinibus
514 2413 714 2485 obnoxios?
741 2438 814 2484 non
827 2432 943 2483 tamen
954 2411 1032 2482 ideo
1044 2409 1222 2482 neminem

254 2526 336 2598 “in
353 2527 566 2621 provinciam
583 2531 684 2602 mitti.
734 2532 926 2626 Corruptos
940 2527 1028 2624 saepe
1046 2528 1222 2623 pravitati·

254 2650 282 2685 “
300 2646 364 2715 bus
381 2668 530 2716 uxorum
548 2647 711 2719 maritos:
741 2675 827 2720 num
843 2674 927 2744 ergo
943 2671 1062 2719 omnes
1083 2645 1221 2720 caelibes

254 2769 281 2804 “
299 2761 479 2857 integros?
528 2765 696 2837 Placuiffe
729 2769 907 2862 quondam
945 2764 1076 2860 Oppias
1112 2768 1220 2862 leges,

255 2888 283 2922 “
302 2885 344 2952 fic
363 2882 577 2976 temporibus
596 2883 793 2979 reipublicae
812 2883 1078 2980 postulantibus:
1105 2884 1221 2957 remis-

255 3006 283 3041 “
302 2997 376 3070 sum
391 2999 520 3095 aliquid
537 3001 665 3097 postea,
696 3009 729 3075 t<
747 3003 959 3099 mitigatum,
985 3002 1064 3098 quia
1076 3004 1220 3098 expedi-

255 3124 283 3158 “
302 3117 374 3189 erit.
425 3120 561 3191 Frustra
574 3121 719 3192 nostram
731 3122 907 3219 ignaviam
924 3122 989 3194 alia
1004 3122 1049 3192 ad
1066 3125 1219 3194 vocabu-

253 3241 280 3279 “
299 3238 331 3307 la
353 3236 540 3310 transferri:
569 3265 648 3310 nam
677 3240 740 3310 viri
757 3241 793 3311 in
810 3267 851 3312 eo
868 3243 1021 3336 culpam,
1049 3244 1072 3311 sr
1094 3240 1222 3315 femina

254 3355 446 3426 “modum
465 3359 631 3428 excedat:
667 3384 770 3453 porro
798 3363 845 3431 ob
873 3360 972 3431 unius
1001 3380 1057 3431 aut
1085 3361 1220 3432 alterius

254 3480 281 3515 “
299 3474 513 3546 imbecillum
535 3477 704 3564 animum,
731 3477 821 3549 male
838 3478 921 3572 eripi
939 3478 1065 3550 maritis
1083 3477 1219 3552 consor·

252 3593 344 3664 “tia
371 3617 484 3664 retum
513 3592 737 3666 secundarum
763 3595 1060 3693 adversarumque.
1110 3598 1219 3672 Simul

252 3719 279 3753 “
297 3713 416 3782 sexum
439 3716 558 3783 naturb
583 3712 773 3785 invalidum
800 3713 917 3802 deseri,
946 3719 978 3785 ὃς
1004 3717 1133 3811 exponi
1158 3717 1217 3791 suo

253 3836 280 3871 “
300 3831 397 3916 luxu,
424 3829 643 3924 cupidinibus
656 3830 773 3902 alienis
790 3860 798 3902 :
826 3831 886 3902 vix
900 3832 1052 3925 praesenti
1065 3834 1220 3908 custodi&

252 3951 281 3991 “
299 3971 436 4020 manere
447 3946 549 4020 illaesa
560 3946 742 4045 conjugia:
771 3949 856 4046 quid
872 3949 957 4045 fore,
984 3954 1007 4024 fi
1025 3955 1220 4049 perplures
