2986 5138
462 577 991 651 AuusaruMLrs.VI.
1175 604 1243 679 307

270 743 453 842 faucesque
473 744 550 842 jam
579 749 747 822 exanimis
772 753 896 847 laqueo
914 771 1059 824 vexatae.
1108 756 1166 827 Ne
1182 758 1245 828 Ti·

268 889 391 960 granes
419 866 575 962 quidem,
612 870 779 941 Armenias
816 871 996 967 quondam
1031 871 1171 968 potitus,
1205 901 1246 948 ac

267 1003 351 1056 tunc
378 1009 466 1076 reus,
494 986 635 1058 nomine
662 988 757 1084 regio
779 987 944 1085 supplicia
965 989 1095 1062 civium
1112 993 1244 1089 effugit.

266 1105 318 1174 At
343 1104 384 1175 C.
414 1106 528 1179 Galba
551 1105 746 1197 consularis,
772 1113 804 1180 δι
831 1109 903 1181 duo
928 1111 1022 1181 Blaesr
1050 1110 1244 1183 voluntario

267 1222 364 1295 exitu
393 1223 559 1298 cecidsre.
622 1229 749 1315 Galba,
785 1226 936 1300 tristibus
972 1225 1111 1300 Caesaris
1141 1226 1244 1300 literis

268 1343 485 1438 provinciam
513 1343 621 1416 sortiri
656 1346 874 1443 prohibirus3
903 1348 1015 1419 Blaesrs
1043 1346 1241 1437 sacerdotia,

265 1461 398 1559 integral
427 1488 549 1536 eorum
574 1466 683 1537 domo
711 1465 890 1554 destinata,
925 1467 1104 1553 convulsas,
1139 1467 1243 1539 distu-

264 1583 349 1653 lerat
367 1611 375 1653 ε
403 1600 500 1670 tunc,
519 1603 557 1655 ut
573 1609 694 1672 vacua,
713 1583 858 1656 contulit
875 1584 911 1655 in
928 1584 1012 1656 alios
1027 1613 1035 1655 :
1064 1587 1160 1680 quod
1177 1590 1242 1683 fig-

266 1727 353 1773 num
372 1702 490 1774 mortis
507 1703 718 1793 intellexere,
734 1708 766 1775 &
781 1701 929 1775 exsecuti
943 1701 1028 1775 sunt.
1070 1706 1115 1775 Et
1125 1703 1242 1777 AEmi·

265 1820 311 1891 lia
339 1819 490 1914 lepida,
522 1847 630 1917 quam
656 1819 782 1916 juveni·
806 1820 919 1893 Druso
946 1843 1091 1918 nuptam
1126 1823 1239 1912 retuli,

264 1938 390 2009 crebris
412 1940 613 2012 criminibus
643 1939 806 2011 maritum
832 1938 997 2030 insecuta,
1026 1968 1240 2039 quamquam

264 2057 476 2149 intestabilis,
496 2078 612 2132 tamen
630 2058 803 2155 impunita
820 2062 960 2155 agebat,
980 2061 1066 2132 dum
1077 2057 1241 2155 superfuit

263 2196 358 2273 pater
379 2178 563 2274 Lepidus;
590 2179 667 2275 post
695 2205 716 2250 a
741 2177 952 2251 delatoribus
976 2178 1169 2274 corripitur,
1192 2181 1240 2251 ob

262 2296 397 2368 servum
425 2298 645 2370 adulterum:
677 2323 741 2370 nec
765 2297 989 2371 dubitabatur
1017 2300 1061 2370 de
1091 2297 1236 2395 flagitio.

261 2420 361 2515 Ergo
382 2417 504 2491 omiss&
525 2415 734 2506 defensione,
761 2418 869 2488 finem
885 2417 964 2489 vitae
989 2418 1049 2490 fibi
1067 2416 1189 2514 posuit.

310 2540 410 2609 XLI.
436 2539 517 2608 PER
544 2536 639 2609 idem
659 2557 798 2632 tempus
815 2535 985 2609 Clitarum
1010 2536 1118 2625 natio,
1144 2538 1236 2634 Cap-

260 2655 384 2752 padoci
415 2656 589 2727 Archelao
613 2654 775 2751 subjesta,
805 2656 887 2751 quia
914 2656 1069 2728 nostrum
1096 2656 1131 2727 in
1160 2682 1237 2728 mo-

260 2776 345 2845 dum
375 2772 507 2846 deferre
534 2773 665 2863 census,
704 2773 773 2868 pati
798 2774 925 2845 tributa
953 2773 1168 2870 adigebatur,
1199 2773 1236 2846 in

252 2889 340 2989 juga
366 2891 473 2964 Tauri
495 2892 623 2962 montis
639 2889 812 2963 absceffit:
845 2892 1072 2986 locorumque
1095 2893 1236 2989 ingenio

258 3010 323 3084 sese
340 3030 457 3084 contra
473 3011 629 3082 imbelles
647 3010 734 3106 regis
752 3006 869 3103 copias
892 3009 1089 3092 tutabatur;
1119 3010 1232 3085 donec

256 3136 314 3205 M.
335 3131 544 3220 Trebellius,
563 3133 707 3227 legatus,
733 3154 753 3200 a
769 3125 925 3214 Vitelli0,
954 3126 1095 3220 praesrde
1112 3127 1231 3220 Syriae,

161 3319 164 3323 .
257 3277 340 3324 cum
364 3270 509 3347 quatuor
541 3250 693 3321 millibus
723 3246 1000 3345 legionariorum,
1033 3246 1231 3319 &delestis

255 3370 391 3441 auxiliis
405 3368 535 3457 missus,
551 3369 639 3440 duos
652 3369 771 3457 colles,
786 3392 872 3463 quos
889 3364 1022 3436 barbari
1043 3363 1231 3439 insederant

257 3487 400 3582 (minori
419 3487 536 3576 Cadra,
561 3487 657 3559 alteri
676 3488 812 3558 Davara
834 3510 961 3556 nomen
979 3484 1044 3577 est)
1069 3484 1230 3579 operibus

255 3605 509 3680 circumdedit:
537 3610 570 3678 ὅτ
589 3631 769 3703 erumpere
781 3604 876 3677 ausos
894 3604 996 3692 serr0,
1016 3622 1146 3676 ceteros
1164 3603 1228 3693 siti,
1265 3670 1271 3682 ,

255 3728 298 3798 ad
328 3724 543 3797 deditionem
567 3726 695 3822 co'e'git.
747 3731 795 3797 At
820 3725 1006 3812 Tiridates,
1032 3721 1228 3794 volentibus

255 3844 400 3933 Parthis,
437 3845 689 3940 Nicephorium
732 3851 766 3917 δι
809 3841 1092 3929 Anthemufiada,
1135 3861 1225 3912 cete-

255 3963 374 4060 rasque
398 3967 513 4056 urbes,
541 3989 618 4062 quae
634 3963 892 4037 Macedonibus
915 3966 994 4052 srtae,
1018 3963 1141 4035 Graeca
1162 3986 1224 4034 vo-

754 4083 828 4159 Xz
