2986 5138
248 554 318 649 256
473 544 1049 622 CConuatuTllctrt

247 746 323 798 tum
339 719 564 812 subvertisset,
590 717 856 793 misericordiam
871 743 956 817 erga
972 715 1147 791 adflictos
1177 742 1247 816 pa·

248 842 319 916 lam
343 842 543 915 ostentabat.

298 962 453 1035 LXXII.
495 964 639 1033 Eonau
679 985 771 1032 anno
810 957 922 1046 Frifii,
961 954 1248 1031 transrhenanus

252 1082 415 1178 populus,
447 1104 567 1175 pacem
596 1081 737 1166 exuere,
776 1078 892 1150 nosttal
921 1076 1035 1173 magis
1068 1076 1247 1167 avaritia,

251 1199 360 1296 quam
388 1197 542 1294 obsequii
568 1197 795 1292 impatientes.
844 1195 1036 1269 Tributum
1060 1195 1106 1268 iis
1138 1199 1250 1271 Dru·

251 1316 305 1391 sus
324 1317 461 1415 jusserat
487 1316 680 1406 modicum,
715 1342 780 1411 pro
807 1314 962 1412 angustias
978 1339 1119 1403 rerum,
1155 1322 1250 1390 “ut

253 1445 282 1481 ‘⁴
301 1437 337 1509 in
352 1435 432 1509 usus
449 1436 626 1525 militares,
653 1436 743 1508 coria
761 1437 870 1508 boum
888 1435 1078 1531 penderent
1098 1437 1141 1506 :'’
1164 1461 1250 1509 non

252 1556 383 1629 intents
400 1552 599 1652 cujusquam
613 1558 707 1643 cura,
722 1579 800 1651 quae
813 1552 1007 1642 firmitudo,
1027 1579 1114 1650 quae
1135 1579 1250 1627 men-

254 1673 351 1759 sura;
375 1675 486 1746 donec
508 1673 691 1762 Olennius,
712 1699 732 1746 e
754 1671 1035 1769 primipilaribus,
1065 1674 1251 1771 regendis

254 1793 366 1870 Fn'fiis
384 1793 577 1889 impofitus,
610 1800 637 1835 “
655 1813 753 1889 terga
768 1793 937 1865 urorum'’
961 1789 1114 1888 delegit,
1143 1819 1249 1891 quo·

255 1940 334 1988 rum
366 1913 410 1985 ad
443 1911 592 1984 formam
614 1911 859 2007 acciperentur.
907 1910 948 1982 Id
977 1907 1052 1981 aliis
1085 1936 1252 2010 quoque

256 2032 451 2107 nationibus
467 2032 630 2119 arduum,
648 2029 740 2126 apud
764 2031 957 2101 Germanos
973 2027 1159 2102 difficilius
1186 2052 1249 2105 to·

256 2153 441 2240 letabatur,
471 2152 549 2248 quls
582 2149 776 2246 ingentium
793 2149 986 2220 belluarum
1008 2144 1146 2221 feraces
1175 2148 1249 2223 sal·

255 2292 324 2358 tus,
350 2270 489 2343 modica
505 2268 603 2341 domi
620 2286 777 2340 armenta
792 2265 880 2339 sunt.
908 2270 963 2338 Ac
981 2264 1103 2361 primo
1124 2269 1249 2343 boves

256 2386 359 2484 ipsos,
378 2414 463 2460 mox
477 2414 589 2486 agros,
609 2385 781 2483 postremi)
794 2411 940 2482 corpora
954 2382 1155 2483 conjugum
1175 2410 1245 2463 aut

257 2507 458 2597 liberorum,
476 2506 610 2579 servitio
627 2506 820 2578 tradebant.
833 2504 929 2578 Hinc
947 2502 1049 2576 ira&
1068 2507 1245 2602 questus;

259 2629 293 2698 ἃ
311 2626 492 2723 postquam
518 2651 588 2698 non
605 2622 839 2712 subveniebat,
869 2622 1063 2695 remedium
1089 2648 1138 2697 ex
1163 2628 1247 2700 bel·

260 2749 318 2819 lo:
351 2746 451 2841 rapti,
478 2745 537 2842 qui
562 2743 689 2815 tributo
706 2744 844 2814 aderant
864 2741 999 2828 milites,
1030 2744 1063 2812 ἃ
1093 2746 1247 2838 patibu.

260 2869 294 2939 lo
310 2865 429 2938 adfixi.
478 2863 647 2936 Olennius
675 2860 820 2933 infensos
848 2860 930 2958 fuga
962 2863 1149 2955 praevdnit,
1188 2891 1248 2939 re.

260 3006 380 3081 ceptus
399 2982 549 3070 castello,
573 2981 627 3054 cui
645 3006 772 3052 nomen
795 2982 944 3052 Flevum:
973 2984 1005 3050 &
1026 2983 1122 3053 haud
1142 2982 1248 3079 sper.

260 3105 374 3175 nenda
389 3103 459 3174 illic
478 3102 608 3174 civium
626 3099 864 3196 sociorumque
885 3125 1006 3172 manus
1022 3099 1124 3173 litora
1143 3106 1249 3177 Oce-

261 3222 315 3295 ani
343 3224 551 3316 praefidebat.

310 3342 481 3413 LXXlll.
499 3343 616 3434 Qron
634 3337 694 3410 ubi
712 3341 757 3410 L.
771 3338 943 3434 Apronio,
962 3336 1134 3410 inferioris
1149 3344 1251 3415 Ger-

262 3460 385 3535 maniae
406 3458 621 3554 propraetori,
641 3457 835 3554 cognitum,
862 3457 989 3529 vexilla
1006 3457 1201 3551 legionum
1226 3489 1252 3536 e

262 3577 432 3675 superiore
452 3577 640 3671 provincis,
660 3577 884 3671 peditumque
904 3580 935 3647 ἃ
954 3575 1115 3670 equitum
1135 3582 1252 3653 auxi-

264 3696 400 3771 liarium
422 3698 570 3768 deleslos
588 3695 737 3767 accivit:
763 3720 802 3766 ac
817 3697 913 3767 simul
926 3714 1117 3788 utrumque
1137 3722 1252 3772 exer.

263 3818 370 3891 citum
389 3817 514 3887 Rheno
531 3816 728 3901 deveslum,
748 3812 859 3884 Frisiis
879 3811 1012 3895 intulit;
1039 3810 1255 3913 solutojam

264 3933 390 4009 castelli
407 3931 551 4023 obfidi0,
578 3936 611 4006 δι
636 3931 681 4005 ad
709 3929 768 4005 sua
789 3933 932 4006 tutanda
948 3930 1103 4028 digteffis
1123 3939 1256 4012 rebel-
