2986 5138
362 569 670 644 Auunuruu
701 568 882 644 Lrnll.
1081 596 1145 672 ¹27

221 741 391 817 LXXVI.
411 749 685 818 Auruuaunur
699 745 926 833 centuriones,
944 747 1148 820 monebant-

180 887 250 959 que
295 869 503 959 “prompta
529 862 579 935 illi
607 863 787 961 legionum
815 865 947 938 studia:
984 886 1150 961 repeteret

182 989 210 1058 s‘
229 983 442 1079 provinciam
459 1009 530 1056 non
541 980 620 1080 jure
633 985 796 1072 ablatam,
815 989 848 1056 δι
867 986 1050 1057 vacuam.’'
1080 985 1150 1082 Igi-

178 1119 234 1174 tur
261 1107 289 1144 “
307 1101 392 1198 quid
418 1103 619 1199 agendum''
643 1099 860 1190 consultanti,
889 1105 945 1175 Μ.
977 1102 1055 1176 Piso
1082 1104 1151 1176 fili·

180 1247 221 1294 us
245 1222 543 1317 “properandum
567 1220 602 1291 in
624 1221 785 1292 Urbem''
809 1218 990 1293 censebat:
1021 1214 1150 1294 “nihil

183 1345 210 1381 “
226 1340 340 1411 adhuc
357 1327 565 1435 inexpiabile
586 1339 784 1426 admissum,
808 1364 922 1435 neque
950 1338 1151 1437 suspiciones

182 1464 210 1500 “
228 1456 430 1545 imbecillas,
472 1476 531 1529 aut
563 1457 676 1529 inania
719 1456 821 1531 sarna
854 1456 1149 1554 pertimescenda:

186 1575 440 1649 “discordiam
481 1599 563 1672 erga
601 1576 852 1649 Germanicum
896 1577 979 1649 odio
1021 1576 1155 1651 fortasse

176 1671 210 1737 “‘
228 1693 387 1791 dignam,
410 1720 480 1767 non
497 1695 625 1791 poenal:
663 1700 696 1765 &
714 1695 936 1790 ademptione
952 1696 1153 1791 provinciae,

182 1820 210 1857 “
227 1812 434 1887 satisfastum
462 1812 621 1887 inimicis.
687 1813 795 1910 Qrod
839 1815 861 1884 fi
903 1815 1151 1911 regrederetur,

182 1939 210 1976 “
228 1933 410 2006 obsistente
441 1932 571 2022 Sentio,
621 1931 723 2006 civile
754 1932 886 2004 bellurn
919 1930 1053 2026 incipi:
1088 1958 1153 2006 nec

181 2059 209 2095 “
227 2053 407 2125 duraturos
439 2052 475 2123 in
508 2052 662 2148 partibus
692 2050 909 2123 centuriones
945 2048 1151 2146 militesque,

182 2177 209 2214 “
227 2172 321 2268 apud
338 2196 426 2268 quos
442 2194 559 2243 recens
585 2168 803 2267 imperatoris
833 2165 883 2240 sui
906 2168 1086 2258 memoria,
1118 2175 1153 2246 ὃς

181 2297 209 2333 “
227 2289 362 2385 penitus
379 2289 506 2362 infixus
522 2288 558 2360 in
574 2287 719 2362 Caesares
736 2314 835 2361 amor
850 2289 1084 2384 praevaleret.’'

228 2410 416 2482 LXXVII.
447 2409 615 2481 Cournn
638 2407 813 2481 Domitius
836 2407 937 2480 Celer
959 2430 1005 2480 ex
1033 2407 1154 2481 intimd

180 2525 251 2624 ejus
267 2526 417 2600 amicitis
432 2526 598 2616 disseruit,
624 2527 848 2600 “Utendum
870 2546 1009 2601 eventu.
1058 2527 1152 2600 Piso·

183 2653 209 2688 “
228 2671 324 2735 nern,
353 2672 425 2718 non
451 2646 620 2734 Sentium,
650 2645 753 2740 Syria
793 2649 1035 2743 praepositum:
1072 2646 1153 2719 huic

182 2761 329 2837 “fasces
358 2769 392 2837 sc
415 2761 473 2861 jus
503 2764 671 2859 praetoris,
705 2765 785 2838 huic
812 2765 966 2863 legiones
982 2766 1101 2838 datas:
1130 2768 1153 2837 st
1268 2775 1271 2781 ’

182 2891 210 2928 “
229 2884 316 2981 quid
332 2883 452 2956 hostile
468 2883 621 2979 ingruat,
648 2885 754 2979 quam
774 2883 897 2981 justiiss
922 2909 1015 2956 arma
1038 2909 1149 2981 oppo-

181 3010 209 3047 “
229 3007 384 3094 siturum,
423 3002 483 3099 qui
516 3002 631 3099 legati·
648 3002 901 3090 austoritatem‚
943 3005 977 3073 δι
1019 3003 1154 3099 propria

182 3122 392 3194 “mandata
416 3120 618 3217 acceperit?
656 3121 943 3218 Relinquendum
967 3119 1071 3194 etiam
1095 3149 1153 3195 ru·

181 3239 383 3313 “moribus
413 3259 564 3336 tempus,
608 3265 679 3337 quo
710 3238 904 3313 senescant:
946 3239 1152 3337 plerumque

181 3367 209 3403 “
227 3359 440 3446 innocentes,
482 3357 610 3431 recenti
643 3358 780 3431 in'vidiae
809 3358 967 3453 impares.
1041 3362 1091 3429 At
1130 3360 1152 3430 sr

181 3483 209 3519 “
227 3495 341 3549 teneat
358 3475 564 3565 exercitum,
583 3496 706 3572 augeat
719 3475 820 3564 vires,
836 3477 957 3563 multa,
976 3500 1053 3570 quae
1072 3501 1151 3571 pro-

182 3594 335 3667 “videri
364 3620 437 3666 non
471 3597 608 3690 poffint,
636 3593 775 3666 fortuiti)
800 3593 836 3665 in
868 3593 990 3666 melius
1025 3593 1151 3667 casura.

181 3719 208 3756 “
227 3718 286 3786 An
303 3712 497 3786 festinamus
523 3738 606 3785 cum
619 3712 818 3785 Germanici
839 3710 1010 3784 cineribus
1032 3714 1150 3808 adpel-

181 3837 208 3874 “
226 3833 309 3919 lere,
339 3852 378 3904 ut
402 3851 436 3902 te
459 3830 653 3903 inauditum
688 3836 720 3904 &
745 3828 960 3903 indefensum
994 3830 1151 3924 planstus

182 3955 210 3992 “
230 3948 449 4049 Agrippina,
476 3974 517 4022 ac
543 3951 670 4046 vulgus
704 3948 920 4046 imperitum,
946 3947 1060 4045 primo
1095 3971 1152 4023 tu·
