2986 5138
1104 599 1167 681 xix

188 771 370 874 questore,
400 769 532 848 inventi
557 766 634 847 sunt
650 769 805 870 quinque
820 767 950 870 priores
972 777 1165 851 Annalium

187 893 282 983 libri,
309 917 398 990 quos
423 891 576 989 Liplius,
603 891 733 989 aliique
750 893 867 990 postea
890 894 1026 968 meliori
1055 895 1163 994 parti·

185 1011 282 1086 tione
302 1009 361 1085 sex
384 1035 618 1084 numeravere.
668 1009 750 1084 Hos
775 1012 857 1084 etim
881 1012 1059 1107 Pontifex,
1085 1015 1162 1088 lite·

185 1155 301 1205 rarum
329 1131 436 1204 decus
464 1133 497 1201 &
526 1131 703 1220 columen,
731 1154 862 1227 magno
889 1129 1164 1229 quingentorum

185 1274 372 1324 aureorum
395 1273 622 1322 nummorum
641 1249 750 1346 pretio
778 1247 986 1340 redemisset,
1015 1250 1165 1349 diligen·

186 1390 308 1467 terque
324 1366 517 1457 evolviliet,
542 1392 667 1442 eorum
684 1367 867 1442 lectionem
884 1369 1080 1455 luculentam,
1102 1394 1166 1440 va-

186 1494 278 1572 riam,
294 1488 415 1575 utilem,
426 1489 697 1585 dignamqueomni
710 1488 836 1559 liberali
846 1489 986 1583 ingenio¹
1008 1512 1164 1583 pronun·

185 1605 309 1690 tiavit;
343 1605 524 1702 voluitque
552 1625 591 1678 ut
614 1601 749 1703 quanto
779 1604 880 1677 citius
904 1604 979 1678 fieri
1005 1609 1165 1703 poffeta

184 1727 249 1798 fitu
266 1729 300 1797 δι
313 1724 491 1797 oblivione
507 1723 544 1796 in
562 1724 677 1798 lucem
702 1724 740 1795 &
757 1725 961 1798 memoriam
977 1725 1163 1802 hominum

183 1841 452 1916 vindicarentur.
481 1844 524 1916 ld
540 1868 631 1916 curae
648 1843 898 1916 demandatum
910 1843 1074 1942 Philippo
1091 1846 1160 1918 Bn-

185 1984 361 2053 ttontno,
380 1961 526 2062 juniori,
545 1961 748 2036 Academiae
766 1966 939 2037 Romanae
956 1967 1159 2061 praeposrto:

183 2079 213 2155 is
238 2081 446 2179 imperatum
474 2107 562 2179 opus
580 2106 644 2178 pro
667 2080 849 2155 Pontificis
867 2083 1070 2157 aucloritate
1085 2081 1162 2157 sui-

184 2225 254 2297 que
278 2201 436 2275 dodirini
462 2202 556 2274 haud
589 2199 807 2298 indiligenter
834 2201 1012 2299 praestitit3
1038 2201 1161 2276 inven-

183 2318 303 2416 tosque
327 2320 433 2393 libros
450 2345 495 2393 ex
518 2345 625 2392 manu
652 2316 780 2416 scripto
797 2320 930 2412 codice,
957 2320 1018 2418 qui
1042 2321 1161 2418 postea

183 2438 393 2513 Florentinae
416 2438 662 2512 Medieeorum
691 2438 910 2513 bibliothece
937 2439 1002 2513 fuit
1029 2439 1159 2532 illatus,

182 2578 313 2633 ceteros
330 2583 375 2631 ex
399 2558 579 2631 Puteolani
596 2561 789 2632 recensione
805 2559 914 2632 edidit
935 2563 1063 2632 Romae
1079 2561 1159 2634 Kal.

183 2679 301 2753 Martii
317 2704 411 2751 anno
427 2702 539 2751 uuxv
554 2697 583 2749 ².
622 2679 664 2750 In
678 2676 756 2751 libri
772 2680 856 2768 fine,
875 2677 966 2752 infra
989 2676 1161 2776 gentilitia

183 2797 314 2872 Leonis
327 2800 362 2872 X
381 2796 538 2896 insignia,
560 2793 748 2893 adjedum
778 2798 874 2893 quod
891 2797 1046 2871 maximo
1060 2796 1160 2870 Prin-

183 2917 261 3013 cipe
283 2922 317 2990 &
334 2916 512 2991 literatum
537 2935 730 3014 reparatore
753 2915 927 3015 dignum:
956 2917 1159 2991 “Nomine

186 3043 213 3079 “
233 3035 366 3109 Leonis
389 3038 424 3110 X
449 3038 552 3109 Pont.
581 3037 684 3109 Max.
712 3039 886 3134 proposita
909 3034 986 3110 sunt
1015 3035 1159 3132 praemia

185 3163 213 3202 “
230 3181 302 3229 non
319 3153 503 3228 mediocria
514 3154 566 3227 his
578 3153 638 3251 qui
650 3155 696 3227 ad
712 3179 794 3227 eum
810 3154 915 3229 libros
927 3175 1072 3247 veteres,
1096 3178 1159 3229 ne·

185 3284 214 3321 “
233 3301 302 3377 que
318 3276 479 3348 hadenus
495 3274 606 3348 editos
620 3272 833 3348 attulerint.''

230 3519 241 3549 ¹
262 3514 305 3573 Ex
317 3513 406 3576 literis
416 3513 519 3574 leonis
537 3513 617 3593 Papae
631 3512 673 3583 X,
691 3531 754 3589 qnae
774 3509 877 3570 exllant
889 3507 921 3570 in
931 3507 1007 3568 calce
1018 3505 1152 3569 editioni·

188 3612 372 3676 Beroaldinae.

223 3714 303 3773 ²01.
327 3713 482 3784 Maittaire,
503 3712 573 3773 Arm.
596 3710 759 3789 Typogmpb.
790 3709 876 3769 Tom.
889 3707 928 3768 V.
951 3720 1022 3787 part.
1037 3726 1066 3769 2.
1087 3727 1151 3788 pag·

185 3831 254 3890 2732
272 3812 424 3872 editionem
437 3813 588 3872 Romanam
603 3811 667 3870 anni
683 3828 759 3887 ¹514
776 3823 917 3870 memorat.
951 3807 1060 3886 Nempe
1071 3805 1155 3887 scrip-

185 3926 232 3970 tor
243 3911 292 3971 ille
312 3911 499 3991 privilegium,
518 3931 534 3969 a
554 3911 646 3970 leone
663 3910 693 3968 X
705 3909 801 3969 datum
819 3927 891 3968 anno
912 3925 997 3989 1514,
1015 3906 1046 3968 in
1058 3906 1154 3970 Taciti

186 4009 337 4070 editionem
351 4009 563 4071 tramfortnavit.

647 4131 717 4203 ba
