2986 5138
460 590 767 660 AuuArrunr
793 589 903 660 [ΑΒ.
940 589 1003 662 lv.
1173 613 1242 690 247

275 768 303 805 ‘¹
321 787 400 859 pere
416 761 601 836 exercitus:
630 787 743 859 neque
762 760 921 833 ausurum
938 761 1058 834 contri
1070 759 1243 859 Sejanum,

274 889 300 925 ‘⁴
320 882 382 979 qui
399 909 492 955 nunc
515 880 714 978 patientiam
734 879 833 968 senis,
859 884 893 953 δι
917 877 1096 978 segnitiam
1106 880 1246 979 juvenis

272 1000 414 1100 “juxti
437 999 608 1074 insultet.''

317 1124 401 1195 LX.
428 1123 529 1193 Hmc
555 1140 660 1217 atque
685 1118 766 1192 talia
792 1118 958 1208 audienti,
991 1119 1075 1191 nihil
1099 1119 1243 1216 quidem

271 1266 386 1337 pravae
414 1239 646 1337 cogitationis,
672 1237 729 1312 sed
753 1238 926 1311 interdum
953 1263 1057 1312 voces
1074 1240 1240 1335 procede·

269 1362 354 1433 bant
381 1352 617 1447 contumaces,
656 1363 689 1432 δι
720 1356 945 1454 inconsultae3
988 1383 1072 1455 quas
1099 1358 1242 1454 adpofiti

269 1479 427 1552 custodes
443 1498 604 1574 exceptas
620 1476 801 1572 audiasque
818 1476 899 1548 ciam
916 1475 1100 1567 deferrent,
1126 1503 1241 1575 neque

267 1597 402 1672 Neroni
426 1595 612 1670 defendere
640 1596 791 1684 daretur,
827 1593 965 1668 diversae
988 1593 1122 1692 insuper
1147 1597 1239 1671 solli·

267 1715 464 1790 citudinum
491 1714 613 1787 sormae
638 1713 845 1787 oriebantur.
896 1717 992 1788 Nam
1013 1715 1098 1788 alius
1119 1742 1240 1791 occur-

266 1833 341 1908 sum
357 1833 429 1931 ejus
453 1835 578 1908 vitare:
607 1833 762 1931 quidam,
787 1830 986 1907 salutatione
1002 1835 1149 1924 redditas,
1175 1837 1241 1910 sta·

264 1954 329 2027 tim
347 1955 476 2028 averti:
505 1953 661 2051 plerique
687 1952 864 2049 inceptum
890 1949 1081 2026 sermonem
1101 1957 1241 2030 abrum-

265 2085 372 2169 pe're3
411 2073 637 2146 insistentibus
674 2072 795 2146 contri
830 2070 1139 2171 inridentibusque,
1178 2075 1239 2172 qui
1298 2102 1304 2113 ’

263 2191 384 2288 Sejano
401 2191 545 2266 fautores
563 2195 715 2266 aderant.
767 2190 958 2265 Enimvero
981 2192 1142 2266 Tiberius
1166 2215 1237 2268 tor·

261 2337 341 2401 vus,
370 2331 430 2385 aut
453 2310 578 2385 salsum
605 2310 763 2385 renidens
791 2313 917 2397 vultu3
942 2310 1000 2384 seu
1027 2312 1238 2411 loqueretur,

262 2428 320 2503 seu
336 2450 462 2505 taceret
478 2429 629 2529 juvenis,
657 2431 788 2504 crimen
810 2455 855 2503 ex
882 2431 1025 2520 nlentio,
1055 2457 1099 2505 ex
1123 2459 1235 2508 voce:

262 2577 306 2624 ne
328 2577 400 2623 nox
424 2551 569 2647 quidem
595 2547 723 2641 secura,
750 2551 832 2625 etim
854 2575 946 2623 uxor
971 2549 1120 2647 vigilias,
1144 2550 1236 2626 som-

261 2696 338 2759 nos,
364 2667 499 2765 suspiria
515 2669 616 2742 matri
640 2669 767 2760 Liviae,
795 2690 899 2767 atque
914 2670 973 2744 illa
996 2668 1116 2768 Sejano
1141 2693 1237 2766 pate·

261 2789 405 2862 faceret:
437 2788 498 2885 qui
540 2786 678 2861 fratrem
720 2815 861 2886 quoque
901 2789 1053 2862 Neronis
1083 2789 1235 2864 Drusum

259 2907 362 2982 traxit
382 2906 417 2978 in
434 2927 560 3003 partes,
585 2906 642 3003 spe
656 2905 788 3003 objestai
806 2907 969 3006 principis
991 2908 1073 2999 loci,
1101 2910 1235 3006 fiprio-

259 3053 335 3099 rem
358 3046 456 3100 aetate
478 3031 512 3099 δι
530 3025 605 3123 jam
623 3026 830 3100 labefactum
851 3026 1067 3104 demoviffet.
1118 3033 1233 3104 Atrox

258 3148 361 3220 Drusi
398 3145 590 3243 ingenium,
628 3144 729 3241 super
764 3144 964 3242 cupidinem
994 3147 1229 3242 potentiae‚&

257 3264 354 3338 solita
376 3265 536 3340 fratribus
559 3263 653 3354 odia,
677 3264 930 3337 accendebatur
951 3264 1104 3338 invidias:
1133 3266 1231 3362 qudd

258 3405 369 3457 mater
394 3383 592 3482 Agrippina
619 3383 812 3480 promptior
839 3384 972 3457 Neroni
997 3404 1088 3456 erat:
1117 3409 1230 3482 neque

256 3524 371 3576 tamen
388 3503 528 3601 Sejanus
545 3503 592 3576 ita
603 3502 756 3576 Drusum
772 3501 925 3591 fovebat,
943 3523 981 3575 ut
999 3529 1069 3574 non
1086 3503 1122 3575 in
1147 3528 1229 3579 eum

254 3649 396 3721 quoque
419 3623 549 3697 semina
573 3622 679 3696 futuri
708 3622 803 3696 exitii
832 3621 1073 3708 meditaretur3
1101 3648 1225 3718 gnarus

255 3742 491 3844 praeferocem,
519 3748 551 3816 &
577 3742 703 3815 insidiis
725 3741 836 3839 magis
859 3760 1107 3838 opportunum.

301 3864 401 3934 LXI.
427 3864 528 3935 Ftur
547 3862 627 3936 anni
641 3862 808 3936 exceflere
825 3860 972 3958 insignes
991 3860 1069 3949 viri,
1088 3860 1226 3937 Asinius
1253 3892 1256 3899 ·

253 3979 425 4080 Agrippa,
451 3981 550 4060 claris
566 3979 751 4081 majoribus
777 3981 885 4083 quim
901 3979 1056 4072 vetustis,
1085 3981 1225 4083 vitasque

709 4101 795 4192 R4
