2986 5138
221 558 305 657 ⁴36
450 551 785 623 GConurrrr
817 549 1022 623 Tncrrr

259 734 286 768 “
300 725 427 799 sonus?
457 728 553 822 quod
572 749 643 799 tam
655 726 770 799 triste?
794 724 937 798 seminas
959 722 1131 814 inlustres,
1155 749 1225 798 non

259 846 537 918 “centurionem
570 848 614 918 ad
647 847 806 934 tutelam,
840 871 913 917 non
944 843 1107 932 militem,
1141 843 1228 917 nihil

258 965 532 1061 “imperatoriae
557 964 689 1054 uxoris,
724 984 782 1036 aut
807 962 989 1036 comitatlrs
1009 962 1111 1052 soliti,
1148 988 1226 1059 per·

259 1092 383 1182 “gere
410 1085 453 1156 ad
477 1085 664 1172 Treveros,
701 1087 909 1155 &externae
940 1080 1058 1155 fidei.'’
1105 1078 1228 1156 Pudor

256 1204 384 1276 inde&
398 1200 580 1292 miseratio,
606 1202 644 1273 δι
666 1200 771 1296 patris
784 1200 968 1298 Agrippae,
998 1200 1148 1298 Augusti
1170 1200 1227 1273 avi

256 1320 439 1410 memoria,
464 1319 558 1393 socer
581 1317 730 1404 Drusum
766 1317 836 1414 ipsa
858 1319 980 1416 insigni
1002 1318 1225 1410 fecunditate,

257 1441 420 1538 praeclari
446 1439 626 1535 pudicitial:
646 1436 721 1535 jam
743 1437 854 1510 infans
877 1439 914 1511 in
936 1438 1051 1512 castris
1075 1440 1225 1536 genitus,

255 1559 292 1630 in
316 1559 544 1630 contubernio
568 1557 747 1653 legionum
773 1558 930 1647 edusius,
959 1583 1065 1655 quem
1089 1557 1227 1631 militari

256 1679 428 1750 vocabulo
455 1677 625 1771 Caligulam
649 1676 884 1772 appellabant,
914 1677 996 1774 quia
1019 1678 1226 1773 plerumque

254 1797 299 1868 ad
330 1795 542 1868 concilianda
573 1794 671 1892 vulgi
700 1795 810 1867 studia
838 1819 881 1867 eo
909 1793 1065 1890 tegmine
1093 1795 1224 1890 pedum

256 1913 474 1988 induebatur.
523 1915 589 1986 Sed
607 1912 692 1985 nihil
713 1914 812 2011 aeque
833 1910 942 2001 flexit,
967 1913 1076 2010 quam
1093 1912 1225 1985 invidia

255 2032 291 2107 in
315 2037 507 2108 Treveros:
543 2053 655 2121 orant,
685 2032 864 2122 obsistunt,
892 2037 920 2075 ‘⁴
933 2031 1074 2120 rediret,
1101 2042 1223 2104 'mane-

256 2160 284 2198 “
300 2157 394 2226 ret'’:
423 2181 500 2250 pars
525 2151 733 2250 Agrippinae
755 2148 980 2239 occursantes,
1016 2151 1156 2247 plurimi
1179 2153 1224 2223 ad

255 2271 504 2344 Germanicum
520 2272 673 2368 regresfi:
701 2268 795 2367 isque
811 2290 849 2342 ut
872 2288 943 2341 etat
964 2294 1082 2343 recens
1102 2270 1225 2341 dolore

255 2393 288 2462 ἃ
302 2391 363 2477 ira,
388 2391 480 2486 apud
493 2387 715 2461 circumfusos
726 2389 773 2462 ita
783 2387 902 2487 coepit.

302 2509 420 2579 XLII.
448 2513 477 2548 “
491 2509 583 2578 Nou
605 2533 700 2580 urur
725 2534 829 2597 uxor,
852 2526 911 2582 aut
937 2507 1041 2597 filiua,
1068 2528 1161 2606 patre
1189 2513 1223 2582 tc

256 2633 284 2670 “
298 2625 474 2721 republiczl
500 2625 641 2699 cariores
667 2625 762 2700 sunt:
792 2624 850 2700 sed
875 2628 975 2701 illtun
998 2628 1140 2726 quidem
1165 2627 1224 2701 sua

256 2753 283 2790 “
298 2744 463 2841 majestas,
491 2745 677 2841 imperium
700 2750 904 2820 Romanum
929 2747 1031 2822 ceteri
1057 2748 1225 2822 exercitus

255 2872 282 2907 “
297 2862 503 2937 defendent:
541 2864 738 2963 conjugem,
777 2870 811 2938 δε
840 2866 965 2939 liberos
994 2892 1102 2956 meos,
1137 2894 1225 2966 quos

255 2987 360 3079 “pro
394 2984 502 3079 gloria
530 2984 637 3057 vestrl
665 2984 775 3057 libens
804 2987 849 3057 ad
878 2986 1025 3059 exitium
1051 2987 1224 3076 offerrem,

254 3109 281 3144 “
296 3128 388 3174 nunc
407 3106 562 3199 procula
586 3101 775 3177 furentibus
795 3101 1006 3177 submoveo:
1036 3126 1088 3194 ut,
1122 3107 1225 3202 quid·

254 3229 282 3266 “
297 3221 382 3319 quid
411 3221 495 3295 istuc
522 3221 652 3295 sceleris
682 3223 853 3312 imminet,
885 3250 964 3296 meo
989 3226 1123 3296 tannim
1148 3225 1224 3298 san-

253 3350 280 3385 “
296 3342 400 3440 guine
419 3341 555 3439 pietur3
583 3368 672 3416 neve
697 3341 827 3417 occisus
855 3344 1004 3442 Augusti
1033 3352 1220 3440 pronepus,

253 3469 282 3505 “
297 3461 473 3535 interfecta
488 3462 621 3535 Tiberii
648 3488 766 3553 nurus,
790 3462 1003 3536 nocentiores
1022 3488 1084 3534 vos
1110 3461 1222 3537 saciat.

253 3589 281 3624 “
334 3583 393 3654 uid
411 3582 504 3655 enim
522 3609 581 3679 per
597 3584 659 3656 hos
675 3582 749 3656 dies
769 3581 938 3670 inausum,
967 3581 1221 3654 intemeratum-

253 3707 281 3744 “
296 3726 339 3773 ve
371 3700 495 3774 vobis?
547 3704 644 3797 quod
682 3727 810 3775 nomen
848 3699 929 3773 huic
962 3699 1068 3772 coetui
1100 3702 1220 3774 dabo?

251 3820 448 3911 “militesne
472 3822 672 3915 appellem?
699 3820 760 3918 qui
779 3820 891 3892 filium
913 3818 1125 3915 imperatoris
1149 3819 1223 3892 ves·

252 3934 350 4023 “tri,
381 3938 473 4009 vallo
502 3942 535 4012 dt
563 3938 664 4012 aruris
693 3937 960 4014 circunsedistis.
1022 3943 1081 4013 An
1109 3942 1223 4012 cives?
