2986 5138
432 563 734 631 Aurrnrruru
768 561 878 632 er.
911 561 939 632 Ι.
1131 585 1179 658 49

213 738 240 775 “
259 731 507 829 Germanisque
524 733 617 805 idem
634 733 845 817 conducere;
865 736 898 803 a
916 755 1051 828 pacem,
1069 731 1177 827 quan

214 858 241 893 “
260 852 390 923 bellum
407 855 608 948 probabam.
659 854 755 948 Ergo
775 871 945 947 raptorem
966 848 1045 922 filiae
1070 874 1172 941 meae,

214 969 462 1042 “violatorem
500 969 637 1043 foederis
674 969 776 1043 vestri
813 968 1026 1056 Arminium,
1080 971 1177 1065 apud

214 1094 242 1129 “
262 1090 408 1176 Varum,
454 1087 616 1187 qui-tum
645 1088 808 1161 exercitui
841 1087 1050 1183 praesidebat,
1077 1112 1176 1160 reum

156 1230 162 1240 ·
214 1211 241 1247 “
260 1205 348 1278 feci:
377 1207 503 1278 dilatus
528 1205 669 1304 segnities
695 1206 807 1295 ducis,
838 1205 918 1302 quia
947 1229 1068 1300 parum
1087 1229 1174 1300 prae-

215 1330 243 1365 “
263 1325 334 1398 srdii
351 1325 385 1397 in
403 1325 536 1422 legibus
554 1346 636 1414 erat,
666 1345 705 1398 ut
731 1350 801 1413 me,
831 1324 868 1393 δι
897 1322 1112 1412 Arminium,
1142 1328 1175 1396 δι

211 1448 238 1484 “
257 1443 406 1517 conscios
440 1443 598 1532 vinciret,
633 1443 796 1540 flagitavi.
845 1442 956 1515 Testis
983 1441 1041 1514 illa
1078 1468 1164 1532 nox,

216 1562 348 1634 “mihi
385 1562 517 1634 utinam
547 1561 659 1657 potius
694 1562 892 1633 novissima!
929 1564 1020 1656 Qae
1065 1560 1176 1635 secuta

216 1687 244 1723 “
261 1680 351 1771 sunt,
370 1681 488 1754 defleri
506 1681 630 1778 magis,
652 1682 758 1777 quam
775 1678 912 1753 defendi
930 1681 1088 1775 possunt:
1119 1707 1174 1754 ce·

214 1804 241 1841 “
260 1800 370 1872 terirm
389 1804 421 1870 &
439 1797 536 1896 injeci
554 1819 688 1872 catenas
715 1798 887 1887 Arminio,
922 1804 954 1871 ὃς
984 1823 1004 1870 a
1030 1797 1177 1874 factione

119 1915 123 1924 ’
214 1915 333 2013 “ejus
361 1917 499 2016 injectas
529 1920 700 2015 perpessus
729 1915 816 1990 sum.
876 1922 994 2013 Atque
1019 1918 1079 1991 ubi
1108 1920 1177 2014 pri·

214 2042 241 2078 “
259 2037 359 2110 mum
387 2037 439 2108 tui
469 2037 583 2133 copia,
613 2059 726 2111 vetera
740 2037 852 2125 novis,
872 2041 905 2109 δι
927 2035 1042 2133 quieta
1069 2038 1176 2111 turbi-

214 2156 313 2228 “dis
343 2158 560 2246 antehabeo:
589 2181 702 2253 neque
737 2158 784 2228 ob
810 2154 1005 2250 praemium,
1041 2154 1099 2227 sed
1140 2177 1177 2232 ut

214 2281 242 2316 “
259 2300 315 2348 me
341 2275 482 2371 persidi&
508 2272 708 2360 exsolvam3
736 2276 834 2347 simul
863 2273 956 2371 genti
981 2275 1175 2348 Germano-

213 2398 241 2434 “
259 2419 336 2465 rum
354 2393 498 2466 idoneus
513 2392 724 2483 conciliator,
755 2397 778 2467 sr
806 2392 1035 2489 paenitentiam
1068 2396 1175 2491 quim

214 2512 445 2607 “perniciem
463 2513 630 2586 maluerit.
679 2514 747 2584 Pro
757 2510 901 2610 juventst
927 2515 960 2582 &
988 2536 1098 2584 errore
1114 2515 1175 2589 filii

214 2630 397 2702 “veniam
430 2649 571 2727 precor:
602 2632 710 2707 filiam
742 2632 930 2705 necessitate
953 2633 1021 2703 huc
1045 2633 1176 2706 adduc-

215 2754 242 2788 “
260 2768 332 2820 tam
349 2748 483 2821 fateor:
513 2770 613 2823 tuum
639 2749 700 2821 erit
727 2746 926 2837 consultare,
955 2767 1071 2822 utrum
1091 2776 1176 2846 prae-

215 2871 243 2907 “
262 2866 386 2954 valeat,
424 2866 520 2961 quod
546 2892 590 2938 ex
619 2866 781 2939 Arminio
808 2866 980 2962 concepit,
1014 2893 1059 2939 an
1085 2870 1180 2965 quod

215 2990 243 3026 “
261 3009 305 3055 ex
333 3010 390 3057 me
419 2984 533 3081 genita
549 2986 634 3058 est.’'
683 2985 808 3076 Caesar,
826 2986 988 3059 clementi
1004 2985 1177 3082 responso,

215 3102 327 3174 liberis
344 3102 611 3200 propinquisque
636 3103 707 3201 ejus
734 3104 1020 3194 incolumitatem,
1044 3105 1106 3201 ipsi
1130 3105 1178 3178 se-

213 3220 296 3293 dem
313 3224 448 3310 Vetera,
474 3220 510 3294 in
527 3222 716 3318 provincis,
734 3223 925 3319 pollicetur.
977 3224 1179 3297 Exercitum

214 3341 365 3429 reduxit,
395 3320 594 3438 nomenque
628 3345 823 3438 imperatom's
859 3343 995 3413 auctore
1036 3341 1180 3413 Tiberio

211 3460 352 3555 accepit.
402 3458 553 3534 Arminii
569 3485 670 3549 uxor,
689 3460 792 3535 virilis
817 3458 915 3532 sexsts
943 3457 1080 3550 stirpem
1106 3456 1178 3528 edi-

210 3577 285 3649 dit:
316 3579 480 3651 educatus
499 3581 678 3650 Ravennae
705 3603 802 3672 puer,
827 3602 898 3672 quo
919 3600 1004 3646 mox
1027 3575 1177 3648 ludibrio

211 3696 425 3769 conflictatus
443 3698 495 3784 sit,
520 3695 557 3766 in
575 3716 732 3792 tempore
749 3695 963 3768 memorabo,

257 3816 358 3889 LIX.
384 3817 505 3886 FAMA
525 3813 632 3884 dediti
649 3813 867 3910 benigneque
895 3809 1030 3905 excepti
1061 3810 1177 3907 Seges-

212 3931 252 4007 tis
270 3935 425 4033 vulgata,
457 3952 495 4005 ut
522 3928 713 4028 quibusque
742 3934 873 4008 bellurn
901 3929 1014 4005 invitis
1037 3949 1095 4005 aut
1116 3956 1176 4009 cu-
