2986 5138
256 503 325 580 266
449 502 491 574 C.
532 503 797 575 Conurrrr
839 501 1038 577 Tncrrr

252 682 344 753 “ab
370 676 509 764 senatu;
539 677 713 752 descivisse
741 679 931 775 populum
961 676 1069 751 audiri
1085 675 1166 774 jam
1197 683 1236 755 δι

252 799 368 897 “legi
396 824 502 871 novas
531 798 726 887 conciones,
755 824 849 870 nova
876 819 1014 894 patrum
1042 797 1232 874 consulta:

253 919 383 1017 “quid
414 900 605 1013 reliquum,
647 917 707 990 nist
734 939 774 989 ut
803 938 965 1013 caperent
989 916 1149 992 serrum?
1195 924 1235 994 δι

255 1048 282 1083 “
302 1065 451 1137 quorum
486 1036 653 1134 imagines
684 1062 747 1133 pro
784 1037 919 1110 vexillis
954 1036 1058 1111 secuti
1098 1037 1237 1130 forent,

254 1166 281 1203 “
299 1161 404 1232 duces
421 1155 708 1253 imperatoresque
730 1157 968 1254 deligerent?”

303 1280 344 1349 V.
375 1279 515 1349 lorrun
533 1275 657 1364 Caesar,
688 1276 837 1373 repetitis
855 1278 1040 1350 adversim
1063 1298 1240 1373 nepotem

253 1403 286 1471 a
304 1423 431 1469 nurum
449 1394 596 1491 probris,
613 1395 845 1494 increpitaque
863 1421 924 1493 per
941 1396 1092 1469 edietum
1111 1398 1241 1492 plebe,

253 1515 390 1614 questus
407 1518 498 1612 apud
512 1537 638 1613 patres,
665 1525 691 1560 “
707 1515 803 1613 quod
820 1516 936 1589 fraude
953 1516 1053 1588 unius
1070 1514 1243 1591 senatoris

255 1644 280 1677 “
301 1634 521 1731 imperatoria
537 1634 687 1734 majestas
704 1634 794 1709 elusa
815 1636 951 1733 publice
976 1636 1074 1723 soret,
1092 1634 1242 1734 integra

256 1762 418 1827 “tamen
445 1755 504 1830 srbi
531 1757 679 1829 cunsla”
704 1755 906 1853 postulavit:
937 1781 1000 1828 nec
1030 1755 1118 1827 ultra
1139 1756 1238 1828 deli-

253 1877 423 1965 beratum,
463 1874 663 1972 quominus,
701 1902 771 1948 non
804 1877 947 1972 quidem
979 1896 1134 1949 extrema
1166 1877 1238 1951 de·

254 2015 442 2084 cernerent,
469 1995 506 2067 id
528 1994 619 2068 enim
637 1995 799 2084 vetitum,
824 1994 880 2067 sed
907 2002 934 2037 “
952 2014 1095 2090 paratos,
1111 1995 1158 2067 ad
1177 1997 1237 2070 ul·

257 2123 283 2159 “
302 2115 433 2188 tionem
451 2114 486 2187 vi
504 2114 669 2212 principis
685 2113 869 2211 impediri’'
893 2113 1135 2186 testarentur..
1154 2167 1166 2185 .
1185 2166 1197 2186 .

303 2238 364 2306 Vl.
390 2239 589 2331 anruon
617 2239 650 2307 ἃ
676 2233 906 2332 quadraginta
932 2232 1101 2306 orationes
1128 2231 1238 2332 super

255 2356 294 2425 ea
312 2379 346 2425 re
362 2353 502 2442 habitae,
522 2378 566 2424 ex
584 2356 661 2449 quis
678 2357 725 2427 ob
743 2375 875 2427 metum
889 2379 1019 2449 paucae,
1038 2354 1152 2450 plures
1169 2358 1235 2429 ad·

256 2471 445 2560 suetudine,
465 2525 474 2543 .
493 2524 503 2543 .
521 2522 530 2540 .
550 2527 559 2544 .
587 2480 614 2515 “
634 2472 717 2547 mihi
742 2474 925 2568 pudorem,
953 2493 1010 2543 aut
1036 2468 1158 2567 Sejano
1178 2470 1234 2545 in-

256 2599 284 2632 “
301 2591 431 2664 vidiam
454 2592 649 2665 adlaturum
671 2591 782 2665 censui
801 2646 809 2664 .
828 2645 860 2665 ..
879 2647 888 2669 .
906 2590 998 2665 versa
1013 2591 1060 2663 est
1076 2589 1233 2683 fortuna,

256 2719 282 2752 “
303 2710 407 2782 &ille
421 2710 577 2806 quidem,
606 2711 665 2807 qui
689 2714 859 2809 collegam
878 2716 1097 2809 &generum
1118 2710 1234 2784 adsci-

255 2838 282 2872 “
302 2851 409 2918 uerat,
436 2831 494 2902 fibi
518 2829 682 2927 ignoscit:
714 2832 830 2919 ceteri,
851 2857 956 2928 quem
975 2856 1035 2927 per
1058 2829 1237 2907 dedecora

258 2958 283 2991 “
299 2949 429 3037 sordre,
456 2977 536 3021 eum
552 2950 675 3023 scelere
692 2949 896 3022 inseuantur
914 3006 922 3021 .
940 3005 948 3021 .
969 3006 977 3022 .
996 3006 1005 3022 .
1024 2949 1174 3023 miserius
1192 2956 1237 3026 srt

257 3073 349 3143 “ob
382 3069 568 3141 amicitiam
603 3069 763 3157 accusari,
793 3095 835 3140 an
870 3070 1021 3142 amicum
1055 3071 1235 3162 accusare,

256 3198 283 3233 “
302 3192 395 3265 haud
424 3188 642 3260 discreverim
670 3242 678 3259 .
705 3241 713 3257 .
741 3242 749 3258 .
776 3215 847 3260 non
874 3190 1121 3274 crudelitatem,
1159 3217 1240 3266 non

256 3319 283 3358 “
302 3310 519 3384 clementium
554 3306 755 3404 cujusquam
786 3308 953 3404 experiar,
990 3309 1045 3381 sed
1074 3308 1163 3380 liber
1198 3316 1239 3386 ἃ

257 3441 282 3473 “
303 3432 385 3503 mibi
409 3432 468 3525 ipsi
492 3431 651 3524 probatus
668 3428 806 3499 anteibo
824 3428 1026 3523 periculum.
1075 3430 1148 3499 Vos
1166 3434 1242 3505 ob-

258 3560 283 3593 “
304 3552 417 3637 testor,
443 3575 485 3620 ne
500 3549 702 3620 memoriam
723 3548 825 3619 nostri
845 3574 905 3643 per
923 3573 1102 3619 maerorem
1120 3551 1243 3643 quam

258 3677 284 3712 ‘⁶
305 3669 372 3740 laeri
398 3669 580 3756 retineatis,
606 3667 800 3764 adjiciendo
830 3693 886 3739 me
913 3693 1054 3763 quoque
1082 3665 1137 3757 iis,
1169 3673 1244 3771 qui

259 3796 284 3833 “
305 3790 373 3862 fine
386 3789 528 3885 egregio
547 3788 686 3883 publica
700 3789 788 3860 mala
807 3788 1033 3888 effugerunr.”
