2986 5138
448 597 752 669 Aunnnrort
783 597 953 671 Lrn.I.
1151 627 1192 700 13

222 786 288 841 tur.
340 771 369 809 “
382 767 547 841 Abdusla
562 768 694 841 Neroni
710 794 824 854 uxor;
847 773 881 841 δι
897 768 1040 842 consulti
1056 786 1117 866 p'er
1136 772 1192 847 lu-

222 894 254 930 “
272 884 425 960 dibn'urn
438 887 631 983 pontifices,
657 914 702 961 an
719 909 901 985 concepto,
924 891 1074 963 necdum
1099 890 1193 965 edito

223 1013 253 1051 “
271 1024 369 1102 partu
386 1005 449 1079 rite
464 1009 631 1080 nuberet:
656 1007 824 1104 QTedii
849 1011 882 1079 ac
907 1008 1008 1081 Vedii
1027 1011 1193 1085 Pollionis

225 1132 254 1171 “
272 1127 399 1199 luxus:
426 1125 596 1222 postremi>
619 1125 725 1202 Livia
748 1125 859 1224 gravis
883 1125 920 1198 in
944 1130 1193 1225 rempublicam

225 1252 253 1288 “
271 1263 391 1334 mater,
415 1244 550 1341 gravior
565 1245 685 1317 domui
702 1243 872 1318 Caesarum
887 1270 1045 1318 noverca.
1093 1247 1194 1321 Nihil

223 1371 255 1408 “
271 1365 414 1436 deorum
430 1364 616 1437 honoribus
634 1363 805 1453 relietum,
830 1365 912 1436 ciam
940 1363 973 1436 se
994 1365 1130 1462 templis
1159 1372 1193 1441 u

225 1491 254 1529 “
271 1481 385 1581 effigie
400 1483 598 1573 numinum,
629 1509 689 1580 per
704 1483 860 1559 flamines
878 1481 1114 1557 &sacerdotes
1126 1486 1194 1560 coli

226 1609 256 1647 “
273 1604 388 1676 vellet.
437 1606 496 1676 Ne
517 1603 700 1677 Tiberium
720 1603 862 1702 quidem
882 1603 1032 1694 caritate,
1060 1605 1192 1678 autrei-

223 1728 253 1764 “
271 1722 419 1819 publicae
447 1726 527 1796 cum
543 1721 764 1797 successorem
780 1721 971 1796 adscitum:
994 1723 1053 1797 sed
1070 1723 1193 1821 quoni·

223 1848 252 1886 “
269 1869 327 1916 am
355 1842 594 1974 adrogantiam
611 1841 886 1940 saevitiamque
858 1867 928 1940 ejus
944 1841 1193 1938 introspexerit,

224 1968 252 2006 “
270 1960 525 2059 comparatione
541 1961 722 2037 deterrima
739 1960 799 2034 srbi
816 1960 961 2059 gloriam
973 1962 1183 2084 quaefiv1ffe.
1184 1965 1195 1995 ’

224 2081 368 2155 Etenim
381 2081 571 2180 Augustus,
598 2080 804 2178 paucisantd
820 2079 931 2169 annis,
958 2081 1040 2153 cirm
1051 2049 1195 2156 Tibe'rio

222 2200 441 2276 tribuniciam
452 2198 987 2333 potestatemapatribusmrsum
997 2199 1193 2297 perarmet,

223 2344 436 2419 quamquam
463 2321 592 2394 honord
620 2319 786 2409 oratione,
813 2321 975 2417 quaedam
1000 2320 1047 2391 de
1072 2320 1194 2396 habitu

221 2558 330 2633 sando
356 2562 587 2658 exprobraret.

274 2681 339 2753 XI.
372 2681 568 2752 Cnrnnunr
596 2675 768 2776 sepultum
800 2700 896 2750 more
922 2674 1084 2774 persestl,
1104 2697 1193 2753 tem-

224 2800 325 2897 plum
358 2803 392 2871 &
430 2798 575 2873 caelestes
599 2796 781 2895 religiones
796 2798 1035 2870 decernuntur.
1081 2794 1195 2871 versae

223 2917 304 2992 inde
320 2920 365 2991 ad
375 2917 559 2991 Tiberium
576 2942 702 3014 preces.
753 2919 800 2989 Et
817 2916 875 2988 ille
891 2915 983 2988 varie
998 2916 1192 3007 differebat,

219 3038 267 3110 de
282 3037 555 3135 magnitudine
546 3035 695 3134 rnrperii,
717 3012 776 3107 sua¹
802 3034 1040 3107 modestisst
1042 3038 1194 3109 ‘Solam

223 3155 345 3229 “divi
382 3156 531 3254 Augusti
559 3173 712 3229 mentem
743 3174 847 3228 tantae
878 3153 980 3226 molis
1005 3178 1191 3252 capacem:

224 3281 253 3319 “
268 3271 327 3348 se
318 3298 362 3348 tn
371 3295 503 3373 partem
519 3299 678 3348 curarum
693 3277 738 3346 ab
770 3273 830 3346 illo
854 3293 1031 3362 vocatum,
1058 3273 1191 3372 experi-

222 3402 253 3440 “
270 3398 362 3470 endo
377 3395 545 3487 didicisse,
564 3420 672 3492 quam
688 3396 850 3482 arduum,
880 3394 988 3488 quam
1004 3390 1193 3491 subjeetum

225 3521 254 3561 “
270 3514 429 3607 fortunae,
465 3516 608 3615 regendi
632 3517 760 3589 cunda
774 3537 887 3586 onus:
919 3510 1062 3607 proinde
1087 3511 1124 3582 in
1144 3511 1193 3584 ci-

223 3642 252 3680 “
269 3634 376 3710 vitate
391 3654 443 3709 tot
459 3635 652 3710 inlustribus
669 3633 748 3708 viris
763 3631 923 3721 subnixa,
936 3656 1007 3704 non
1022 3631 1067 3702 ad
1082 3650 1193 3706 unum

223 3761 252 3799 “
268 3756 387 3829 omnia
401 3753 569 3829 deferrent
583 3784 593 3840 ;
621 3756 733 3851 plures
749 3749 882 3824 facilius
908 3749 1027 3823 munia
1054 3749 1192 3847 reipub-

223 3882 252 3920 “
271 3875 347 3949 licae
373 3875 504 3950 sociatis
531 3874 704 3949 laboribus
729 3871 982 3946 exsecuturos.''
1038 3871 1121 3944 Plus
1157 3870 1193 3945 in

222 3994 376 4075 oradooe
391 3995 452 4069 tali
467 3994 658 4094 dignitatis,
677 3993 785 4092 quam
801 3990 883 4090 fidei
900 4010 969 4066 erat
989 4019 998 4064 ε
1032 3989 1192 4065 Tiberio-
