<?xml version="1.0" encoding="UTF-8"?>
<!DOCTYPE html PUBLIC "-//W3C//DTD XHTML 1.0 Transitional//EN"
    "http://www.w3.org/TR/xhtml1/DTD/xhtml1-transitional.dtd">
<html xmlns="http://www.w3.org/1999/xhtml" xml:lang="en" lang="en">
 <head>
  <title>
</title>
<meta http-equiv="Content-Type" content="text/html;charset=utf-8" />
  <meta name='ocr-system' content='tesseract 3.04.00' />
  <meta name='ocr-capabilities' content='ocr_page ocr_carea ocr_par ocr_line ocrx_word'/>
</head>
<body>
  <div class='ocr_page' id='page_1' title='image "./ccorneliitaciti03ernegoog_0107.png"; bbox 0 0 2986 5138; ppageno 0'>
   <div class='ocr_carea' id='block_1_1' title="bbox 315 561 1086 662">
    <p class='ocr_par' dir='ltr' id='par_1_1' title="bbox 315 561 1086 662">
     <span class='ocr_line' id='line_1_1' title="bbox 315 561 1086 662; baseline -0.012 -23"><span class='ocrx_word' id='word_1_1' title='bbox 315 589 360 662; x_wconf 80' lang='lat'>50</span> <span class='ocrx_word' id='word_1_2' title='bbox 504 565 848 636; x_wconf 74' lang='lat' dir='ltr'>CConunnrr</span> <span class='ocrx_word' id='word_1_3' title='bbox 896 561 1086 632; x_wconf 71' lang='lat' dir='ltr'>Tactar</span> 
     </span>
    </p>
   </div>
   <div class='ocr_carea' id='block_1_2' title="bbox 304 728 1275 3902">
    <p class='ocr_par' dir='ltr' id='par_1_2' title="bbox 304 728 1275 3902">
     <span class='ocr_line' id='line_1_2' title="bbox 312 728 1272 833; baseline -0.005 -28"><span class='ocrx_word' id='word_1_4' title='bbox 312 733 481 830; x_wconf 86' lang='lat' dir='ltr'>pientibus</span> <span class='ocrx_word' id='word_1_5' title='bbox 499 758 580 824; x_wconf 86' lang='lat' dir='ltr'>erat,</span> <span class='ocrx_word' id='word_1_6' title='bbox 601 736 658 833; x_wconf 86' lang='lat' dir='ltr'>spe</span> <span class='ocrx_word' id='word_1_7' title='bbox 685 741 738 810; x_wconf 85' lang='lat' dir='ltr'>rel</span> <span class='ocrx_word' id='word_1_8' title='bbox 757 739 874 809; x_wconf 90' lang='lat' dir='ltr'>dolore</span> <span class='ocrx_word' id='word_1_9' title='bbox 897 732 1070 830; x_wconf 81' lang='lat' dir='ltr'><strong>accipitur.</strong></span> <span class='ocrx_word' id='word_1_10' title='bbox 1120 728 1272 802; x_wconf 85' lang='lat' dir='ltr'>Armini-</span> 
     </span>
     <span class='ocr_line' id='line_1_3' title="bbox 309 850 1273 949; baseline -0.003 -26"><span class='ocrx_word' id='word_1_11' title='bbox 309 878 386 939; x_wconf 87' lang='lat' dir='ltr'>um,</span> <span class='ocrx_word' id='word_1_12' title='bbox 416 853 513 949; x_wconf 81' lang='lat' dir='ltr'>supor</span> <span class='ocrx_word' id='word_1_13' title='bbox 544 857 676 927; x_wconf 85' lang='lat' dir='ltr'>infitam</span> <span class='ocrx_word' id='word_1_14' title='bbox 709 854 922 942; x_wconf 85' lang='lat' dir='ltr'>violentiam,</span> <span class='ocrx_word' id='word_1_15' title='bbox 948 874 1045 947; x_wconf 86' lang='lat' dir='ltr'>rapta</span> <span class='ocrx_word' id='word_1_16' title='bbox 1072 875 1173 938; x_wconf 87' lang='lat' dir='ltr'>uxor,</span> <span class='ocrx_word' id='word_1_17' title='bbox 1195 850 1273 921; x_wconf 93' lang='lat' dir='ltr'>sub-</span> 
     </span>
     <span class='ocr_line' id='line_1_4' title="bbox 304 965 1270 1065; baseline -0.004 -24"><span class='ocrx_word' id='word_1_18' title='bbox 304 965 416 1065; x_wconf 69' lang='lat' dir='ltr'>jedus</span> <span class='ocrx_word' id='word_1_19' title='bbox 433 971 564 1044; x_wconf 78' lang='lat' dir='ltr'>servitio</span> <span class='ocrx_word' id='word_1_20' title='bbox 592 973 707 1045; x_wconf 84' lang='lat' dir='ltr'>uxoris</span> <span class='ocrx_word' id='word_1_21' title='bbox 730 996 858 1061; x_wconf 90' lang='lat' dir='ltr'>uterus,</span> <span class='ocrx_word' id='word_1_22' title='bbox 885 972 1069 1044; x_wconf 80' lang='lat' dir='ltr'>vecordem</span> <span class='ocrx_word' id='word_1_23' title='bbox 1098 972 1270 1065; x_wconf 86' lang='lat' dir='ltr'>agebant:</span> 
     </span>
     <span class='ocr_line' id='line_1_5' title="bbox 311 1086 1272 1187; baseline -0.002 -29"><span class='ocrx_word' id='word_1_24' title='bbox 311 1089 545 1186; x_wconf 77' lang='lat' dir='ltr'>volitabatque</span> <span class='ocrx_word' id='word_1_25' title='bbox 574 1119 634 1187; x_wconf 87' lang='lat' dir='ltr'>per</span> <span class='ocrx_word' id='word_1_26' title='bbox 662 1091 865 1178; x_wconf 87' lang='lat' dir='ltr'>Cheruscos,</span> <span class='ocrx_word' id='word_1_27' title='bbox 896 1115 991 1160; x_wconf 89' lang='lat' dir='ltr'>arma</span> <span class='ocrx_word' id='word_1_28' title='bbox 1018 1088 1053 1158; x_wconf 92' lang='lat' dir='ltr'>in</span> <span class='ocrx_word' id='word_1_29' title='bbox 1083 1086 1272 1184; x_wconf 85' lang='lat' dir='ltr'>Segestem,</span> 
     </span>
     <span class='ocr_line' id='line_1_6' title="bbox 311 1205 1272 1306; baseline -0.001 -29"><span class='ocrx_word' id='word_1_30' title='bbox 311 1232 404 1279; x_wconf 91' lang='lat' dir='ltr'>arma</span> <span class='ocrx_word' id='word_1_31' title='bbox 422 1209 456 1279; x_wconf 91' lang='lat' dir='ltr'>in</span> <span class='ocrx_word' id='word_1_32' title='bbox 474 1209 640 1282; x_wconf 75' lang='lat' dir='ltr'>Caesarem</span> <span class='ocrx_word' id='word_1_33' title='bbox 659 1209 820 1306; x_wconf 87' lang='lat' dir='ltr'>poscens:</span> <span class='ocrx_word' id='word_1_34' title='bbox 846 1233 957 1304; x_wconf 91' lang='lat' dir='ltr'>neque</span> <span class='ocrx_word' id='word_1_35' title='bbox 987 1205 1117 1302; x_wconf 87' lang='lat' dir='ltr'>probris</span> <span class='ocrx_word' id='word_1_36' title='bbox 1139 1228 1272 1299; x_wconf 90' lang='lat' dir='ltr'>tempe-</span> 
     </span>
     <span class='ocr_line' id='line_1_7' title="bbox 310 1323 1272 1425; baseline -0.005 -28"><span class='ocrx_word' id='word_1_37' title='bbox 310 1331 414 1399; x_wconf 83' lang='lat' dir='ltr'><strong>rabat.</strong></span> <span class='ocrx_word' id='word_1_38' title='bbox 455 1335 482 1368; x_wconf 96' lang='lat'>‘⁴</span> <span class='ocrx_word' id='word_1_39' title='bbox 504 1328 693 1425; x_wconf 82' lang='lat' dir='ltr'>Egregium</span> <span class='ocrx_word' id='word_1_40' title='bbox 711 1330 864 1423; x_wconf 88' lang='lat' dir='ltr'>patrem!</span> <span class='ocrx_word' id='word_1_41' title='bbox 897 1351 1066 1423; x_wconf 84' lang='lat' dir='ltr'>magnum</span> <span class='ocrx_word' id='word_1_42' title='bbox 1089 1323 1272 1420; x_wconf 89' lang='lat' dir='ltr'>imperato-</span> 
     </span>
     <span class='ocr_line' id='line_1_8' title="bbox 310 1445 1275 1540; baseline -0.002 -26"><span class='ocrx_word' id='word_1_43' title='bbox 310 1448 337 1484; x_wconf 99' lang='lat'>‘⁴</span> <span class='ocrx_word' id='word_1_44' title='bbox 356 1448 449 1515; x_wconf 91' lang='lat' dir='ltr'>rem!</span> <span class='ocrx_word' id='word_1_45' title='bbox 492 1445 615 1517; x_wconf 79' lang='lat' dir='ltr'>fortem</span> <span class='ocrx_word' id='word_1_46' title='bbox 643 1446 851 1518; x_wconf 83' lang='lat' dir='ltr'>exercitum!</span> <span class='ocrx_word' id='word_1_47' title='bbox 890 1471 1037 1540; x_wconf 87' lang='lat' dir='ltr'>quorum</span> <span class='ocrx_word' id='word_1_48' title='bbox 1066 1464 1117 1514; x_wconf 96' lang='lat' dir='ltr'>tot</span> <span class='ocrx_word' id='word_1_49' title='bbox 1154 1464 1275 1514; x_wconf 82' lang='lat' dir='ltr'>manus</span> 
     </span>
     <span class='ocr_line' id='line_1_9' title="bbox 310 1561 1272 1638; baseline -0.004 -5"><span class='ocrx_word' id='word_1_50' title='bbox 310 1569 460 1634; x_wconf 87' lang='lat' dir='ltr'>“unam</span> <span class='ocrx_word' id='word_1_51' title='bbox 492 1566 726 1638; x_wconf 79' lang='lat' dir='ltr'><strong>mulierculam</strong></span> <span class='ocrx_word' id='word_1_52' title='bbox 753 1565 940 1638; x_wconf 77' lang='lat' dir='ltr'>averterint.</span> <span class='ocrx_word' id='word_1_53' title='bbox 1014 1564 1085 1637; x_wconf 91' lang='lat' dir='ltr'>Sibi</span> <span class='ocrx_word' id='word_1_54' title='bbox 1122 1584 1187 1633; x_wconf 91' lang='lat' dir='ltr'>tres</span> <span class='ocrx_word' id='word_1_55' title='bbox 1225 1561 1272 1629; x_wconf 93' lang='lat' dir='ltr'>le-</span> 
     </span>
     <span class='ocr_line' id='line_1_10' title="bbox 310 1681 1273 1781; baseline -0.004 -29"><span class='ocrx_word' id='word_1_56' title='bbox 310 1689 337 1724; x_wconf 99' lang='lat'>‘⁴</span> <span class='ocrx_word' id='word_1_57' title='bbox 356 1683 487 1777; x_wconf 83' lang='lat' dir='ltr'>giones,</span> <span class='ocrx_word' id='word_1_58' title='bbox 533 1684 676 1756; x_wconf 85' lang='lat' dir='ltr'>totidem</span> <span class='ocrx_word' id='word_1_59' title='bbox 715 1687 846 1781; x_wconf 86' lang='lat' dir='ltr'>legatos</span> <span class='ocrx_word' id='word_1_60' title='bbox 897 1682 1122 1780; x_wconf 79' lang='lat' dir='ltr'>procubuiffe.</span> <span class='ocrx_word' id='word_1_61' title='bbox 1189 1681 1273 1750; x_wconf 90' lang='lat' dir='ltr'>Non</span> 
     </span>
     <span class='ocr_line' id='line_1_11' title="bbox 311 1797 1269 1899; baseline -0.005 -28"><span class='ocrx_word' id='word_1_62' title='bbox 311 1808 338 1842; x_wconf 96' lang='lat'>⁴⁴</span> <span class='ocrx_word' id='word_1_63' title='bbox 356 1802 447 1872; x_wconf 89' lang='lat' dir='ltr'>enim</span> <span class='ocrx_word' id='word_1_64' title='bbox 474 1802 505 1873; x_wconf 93' lang='lat' dir='ltr'>se</span> <span class='ocrx_word' id='word_1_65' title='bbox 535 1804 738 1897; x_wconf 75' lang='lat' dir='ltr'>proditione,</span> <span class='ocrx_word' id='word_1_66' title='bbox 779 1829 893 1899; x_wconf 91' lang='lat' dir='ltr'>neque</span> <span class='ocrx_word' id='word_1_67' title='bbox 929 1802 1090 1875; x_wconf 81' lang='lat' dir='ltr'>adversus</span> <span class='ocrx_word' id='word_1_68' title='bbox 1124 1797 1269 1870; x_wconf 87' lang='lat' dir='ltr'>feminas</span> 
     </span>
     <span class='ocr_line' id='line_1_12' title="bbox 310 1917 1270 2016; baseline -0.005 -27"><span class='ocrx_word' id='word_1_69' title='bbox 310 1926 337 1960; x_wconf 99' lang='lat'>‘⁴</span> <span class='ocrx_word' id='word_1_70' title='bbox 357 1920 526 2016; x_wconf 78' lang='lat' dir='ltr'>gravidas,</span> <span class='ocrx_word' id='word_1_71' title='bbox 555 1920 611 1992; x_wconf 87' lang='lat' dir='ltr'>sed</span> <span class='ocrx_word' id='word_1_72' title='bbox 639 1924 755 2016; x_wconf 84' lang='lat' dir='ltr'>palam</span> <span class='ocrx_word' id='word_1_73' title='bbox 780 1923 942 1994; x_wconf 79' lang='lat' dir='ltr'>adversirs</span> <span class='ocrx_word' id='word_1_74' title='bbox 974 1940 1122 1993; x_wconf 89' lang='lat' dir='ltr'>armatos</span> <span class='ocrx_word' id='word_1_75' title='bbox 1139 1917 1270 1987; x_wconf 89' lang='lat' dir='ltr'>bellum</span> 
     </span>
     <span class='ocr_line' id='line_1_13' title="bbox 308 2032 1271 2113; baseline -0.004 -5"><span class='ocrx_word' id='word_1_76' title='bbox 308 2045 336 2081; x_wconf 96' lang='lat'>‘⁴</span> <span class='ocrx_word' id='word_1_77' title='bbox 353 2043 515 2112; x_wconf 68' lang='lat' dir='ltr'>uastare:</span> <span class='ocrx_word' id='word_1_78' title='bbox 565 2041 656 2112; x_wconf 92' lang='lat' dir='ltr'>cerni</span> <span class='ocrx_word' id='word_1_79' title='bbox 685 2042 798 2113; x_wconf 89' lang='lat' dir='ltr'>adhuc</span> <span class='ocrx_word' id='word_1_80' title='bbox 825 2044 1080 2112; x_wconf 87' lang='lat' dir='ltr'>Germanorum</span> <span class='ocrx_word' id='word_1_81' title='bbox 1115 2033 1150 2105; x_wconf 93' lang='lat' dir='ltr'>in</span> <span class='ocrx_word' id='word_1_82' title='bbox 1184 2032 1271 2104; x_wconf 84' lang='lat' dir='ltr'>lueis</span> 
     </span>
     <span class='ocr_line' id='line_1_14' title="bbox 309 2151 1269 2254; baseline -0.007 -26"><span class='ocrx_word' id='word_1_83' title='bbox 309 2164 336 2199; x_wconf 95' lang='lat'>⁴⁴</span> <span class='ocrx_word' id='word_1_84' title='bbox 357 2161 448 2253; x_wconf 78' lang='lat' dir='ltr'>signa</span> <span class='ocrx_word' id='word_1_85' title='bbox 478 2163 651 2247; x_wconf 91' lang='lat' dir='ltr'>Romana,</span> <span class='ocrx_word' id='word_1_86' title='bbox 685 2186 762 2254; x_wconf 85' lang='lat' dir='ltr'>quae</span> <span class='ocrx_word' id='word_1_87' title='bbox 798 2159 863 2231; x_wconf 90' lang='lat' dir='ltr'>diis</span> <span class='ocrx_word' id='word_1_88' title='bbox 894 2157 1010 2254; x_wconf 88' lang='lat' dir='ltr'>patriis</span> <span class='ocrx_word' id='word_1_89' title='bbox 1035 2151 1269 2249; x_wconf 89' lang='lat' dir='ltr'>suspenderit:</span> 
     </span>
     <span class='ocr_line' id='line_1_15' title="bbox 309 2269 1272 2372; baseline -0.007 -26"><span class='ocrx_word' id='word_1_90' title='bbox 309 2277 478 2346; x_wconf 88' lang='lat' dir='ltr'>“coleret</span> <span class='ocrx_word' id='word_1_91' title='bbox 511 2276 661 2372; x_wconf 82' lang='lat' dir='ltr'>Segestes</span> <span class='ocrx_word' id='word_1_92' title='bbox 688 2278 815 2349; x_wconf 67' lang='lat' dir='ltr'>vietam</span> <span class='ocrx_word' id='word_1_93' title='bbox 843 2276 975 2372; x_wconf 87' lang='lat' dir='ltr'>ripam;</span> <span class='ocrx_word' id='word_1_94' title='bbox 1012 2273 1167 2346; x_wconf 88' lang='lat' dir='ltr'>redderet</span> <span class='ocrx_word' id='word_1_95' title='bbox 1199 2269 1272 2341; x_wconf 86' lang='lat' dir='ltr'>filio</span> 
     </span>
     <span class='ocr_line' id='line_1_16' title="bbox 309 2389 1271 2483; baseline -0.005 -21"><span class='ocrx_word' id='word_1_96' title='bbox 309 2398 337 2434; x_wconf 93' lang='lat'>‘⁴</span> <span class='ocrx_word' id='word_1_97' title='bbox 356 2389 600 2464; x_wconf 87' lang='lat' dir='ltr'>sacerdotium:</span> <span class='ocrx_word' id='word_1_98' title='bbox 635 2396 813 2467; x_wconf 87' lang='lat' dir='ltr'>hominem</span> <span class='ocrx_word' id='word_1_99' title='bbox 836 2396 1027 2466; x_wconf 86' lang='lat' dir='ltr'>Germanos</span> <span class='ocrx_word' id='word_1_100' title='bbox 1077 2414 1271 2483; x_wconf 82' lang='lat' dir='ltr'>numquam</span> 
     </span>
     <span class='ocr_line' id='line_1_17' title="bbox 309 2507 1270 2609; baseline -0.002 -30"><span class='ocrx_word' id='word_1_101' title='bbox 309 2516 336 2552; x_wconf 96' lang='lat'>‘⁴</span> <span class='ocrx_word' id='word_1_102' title='bbox 353 2507 427 2580; x_wconf 87' lang='lat' dir='ltr'>satis</span> <span class='ocrx_word' id='word_1_103' title='bbox 445 2512 673 2600; x_wconf 82' lang='lat' dir='ltr'>excusaturos,</span> <span class='ocrx_word' id='word_1_104' title='bbox 700 2514 795 2609; x_wconf 81' lang='lat' dir='ltr'>qubd</span> <span class='ocrx_word' id='word_1_105' title='bbox 808 2513 893 2585; x_wconf 88' lang='lat' dir='ltr'>inter</span> <span class='ocrx_word' id='word_1_106' title='bbox 907 2508 1028 2583; x_wconf 82' lang='lat' dir='ltr'>Albim</span> <span class='ocrx_word' id='word_1_107' title='bbox 1050 2515 1082 2581; x_wconf 77' lang='grc' dir='ltr'>δι</span> <span class='ocrx_word' id='word_1_108' title='bbox 1103 2509 1270 2580; x_wconf 90' lang='lat' dir='ltr'>Rhenum</span> 
     </span>
     <span class='ocr_line' id='line_1_18' title="bbox 309 2623 1270 2727; baseline -0.002 -32"><span class='ocrx_word' id='word_1_109' title='bbox 309 2633 336 2668; x_wconf 90' lang='lat'>‘⁴</span> <span class='ocrx_word' id='word_1_110' title='bbox 355 2625 482 2722; x_wconf 78' lang='lat' dir='ltr'>virgas,</span> <span class='ocrx_word' id='word_1_111' title='bbox 520 2633 552 2699; x_wconf 67' lang='grc' dir='ltr'>ἃ</span> <span class='ocrx_word' id='word_1_112' title='bbox 591 2627 732 2718; x_wconf 87' lang='lat' dir='ltr'>secures,</span> <span class='ocrx_word' id='word_1_113' title='bbox 768 2637 800 2703; x_wconf 72' lang='grc' dir='ltr'>δι</span> <span class='ocrx_word' id='word_1_114' title='bbox 833 2652 952 2727; x_wconf 84' lang='lat' dir='ltr'>togam</span> <span class='ocrx_word' id='word_1_115' title='bbox 973 2626 1132 2699; x_wconf 72' lang='lat' dir='ltr'>viderint.</span> <span class='ocrx_word' id='word_1_116' title='bbox 1183 2623 1270 2696; x_wconf 80' lang='lat' dir='ltr'>Aliis</span> 
     </span>
     <span class='ocr_line' id='line_1_19' title="bbox 308 2743 1271 2845; baseline -0.003 -30"><span class='ocrx_word' id='word_1_117' title='bbox 308 2751 335 2786; x_wconf 87' lang='lat'>‘⁴</span> <span class='ocrx_word' id='word_1_118' title='bbox 354 2745 526 2840; x_wconf 85' lang='lat' dir='ltr'>gentibus,</span> <span class='ocrx_word' id='word_1_119' title='bbox 568 2746 758 2843; x_wconf 62' lang='lat' dir='ltr'>ignorantias</span> <span class='ocrx_word' id='word_1_120' title='bbox 789 2747 925 2845; x_wconf 85' lang='lat' dir='ltr'>imperii</span> <span class='ocrx_word' id='word_1_121' title='bbox 970 2744 1139 2834; x_wconf 87' lang='lat' dir='ltr'>Romani,</span> <span class='ocrx_word' id='word_1_122' title='bbox 1176 2743 1271 2814; x_wconf 85' lang='lat' dir='ltr'>inex-</span> 
     </span>
     <span class='ocr_line' id='line_1_20' title="bbox 308 2863 1272 2960; baseline -0.001 -29"><span class='ocrx_word' id='word_1_123' title='bbox 308 2868 335 2902; x_wconf 96' lang='lat'>⁴⁴</span> <span class='ocrx_word' id='word_1_124' title='bbox 355 2884 447 2956; x_wconf 85' lang='lat' dir='ltr'>perta</span> <span class='ocrx_word' id='word_1_125' title='bbox 463 2866 529 2934; x_wconf 82' lang='lat' dir='ltr'>effe</span> <span class='ocrx_word' id='word_1_126' title='bbox 545 2863 723 2960; x_wconf 81' lang='lat' dir='ltr'>supplicia,</span> <span class='ocrx_word' id='word_1_127' title='bbox 748 2866 857 2938; x_wconf 85' lang='lat' dir='ltr'>nescia</span> <span class='ocrx_word' id='word_1_128' title='bbox 874 2867 1025 2938; x_wconf 88' lang='lat' dir='ltr'>tributa:</span> <span class='ocrx_word' id='word_1_129' title='bbox 1055 2891 1134 2960; x_wconf 81' lang='lat' dir='ltr'>quae</span> <span class='ocrx_word' id='word_1_130' title='bbox 1165 2886 1272 2957; x_wconf 87' lang='lat' dir='ltr'>quan-</span> 
     </span>
     <span class='ocr_line' id='line_1_21' title="bbox 307 2981 1272 3080; baseline -0.001 -28"><span class='ocrx_word' id='word_1_131' title='bbox 307 2987 334 3022; x_wconf 99' lang='lat'>‘⁴</span> <span class='ocrx_word' id='word_1_132' title='bbox 352 2983 399 3052; x_wconf 94' lang='lat' dir='ltr'>do</span> <span class='ocrx_word' id='word_1_133' title='bbox 415 2982 584 3073; x_wconf 78' lang='lat' dir='ltr'>exuerim,</span> <span class='ocrx_word' id='word_1_134' title='bbox 608 2984 791 3080; x_wconf 85' lang='lat' dir='ltr'>inritusque</span> <span class='ocrx_word' id='word_1_135' title='bbox 813 2984 993 3056; x_wconf 79' lang='lat' dir='ltr'>discesserit</span> <span class='ocrx_word' id='word_1_136' title='bbox 1018 2983 1074 3054; x_wconf 93' lang='lat' dir='ltr'>ille</span> <span class='ocrx_word' id='word_1_137' title='bbox 1096 2981 1184 3052; x_wconf 91' lang='lat' dir='ltr'>inter</span> <span class='ocrx_word' id='word_1_138' title='bbox 1209 3006 1272 3051; x_wconf 87' lang='lat' dir='ltr'>nu-</span> 
     </span>
     <span class='ocr_line' id='line_1_22' title="bbox 307 3100 1270 3197; baseline 0 -28"><span class='ocrx_word' id='word_1_139' title='bbox 307 3106 334 3140; x_wconf 91' lang='lat'>⁴‘</span> <span class='ocrx_word' id='word_1_140' title='bbox 353 3100 446 3171; x_wconf 89' lang='lat' dir='ltr'>mina</span> <span class='ocrx_word' id='word_1_141' title='bbox 472 3101 603 3171; x_wconf 85' lang='lat' dir='ltr'>dicatus</span> <span class='ocrx_word' id='word_1_142' title='bbox 628 3103 818 3197; x_wconf 85' lang='lat' dir='ltr'>Augustus,</span> <span class='ocrx_word' id='word_1_143' title='bbox 842 3102 898 3174; x_wconf 91' lang='lat' dir='ltr'>ille</span> <span class='ocrx_word' id='word_1_144' title='bbox 926 3102 1077 3172; x_wconf 77' lang='lat' dir='ltr'>deledus</span> <span class='ocrx_word' id='word_1_145' title='bbox 1099 3100 1270 3184; x_wconf 89' lang='lat' dir='ltr'>Tiberius,</span> 
     </span>
     <span class='ocr_line' id='line_1_23' title="bbox 308 3215 1271 3312; baseline -0.002 -24"><span class='ocrx_word' id='word_1_146' title='bbox 308 3225 396 3288; x_wconf 87' lang='lat' dir='ltr'>“ne</span> <span class='ocrx_word' id='word_1_147' title='bbox 426 3216 622 3312; x_wconf 86' lang='lat' dir='ltr'>imperitum</span> <span class='ocrx_word' id='word_1_148' title='bbox 647 3217 952 3306; x_wconf 85' lang='lat' dir='ltr'>adolescentulum,</span> <span class='ocrx_word' id='word_1_149' title='bbox 1000 3244 1042 3290; x_wconf 91' lang='lat' dir='ltr'>ne</span> <span class='ocrx_word' id='word_1_150' title='bbox 1074 3215 1271 3288; x_wconf 88' lang='lat' dir='ltr'>seditiosum</span> 
     </span>
     <span class='ocr_line' id='line_1_24' title="bbox 306 3336 1269 3433; baseline -0.002 -27"><span class='ocrx_word' id='word_1_151' title='bbox 306 3336 538 3408; x_wconf 69' lang='lat' dir='ltr'>“exereitum</span> <span class='ocrx_word' id='word_1_152' title='bbox 573 3336 800 3431; x_wconf 74' lang='lat' dir='ltr'>pavescerent.</span> <span class='ocrx_word' id='word_1_153' title='bbox 850 3338 883 3407; x_wconf 85' lang='lat' dir='ltr'>Si</span> <span class='ocrx_word' id='word_1_154' title='bbox 913 3338 1073 3433; x_wconf 86' lang='lat' dir='ltr'>patriam,</span> <span class='ocrx_word' id='word_1_155' title='bbox 1102 3355 1269 3431; x_wconf 87' lang='lat' dir='ltr'>parentes,</span> 
     </span>
     <span class='ocr_line' id='line_1_25' title="bbox 305 3453 1269 3550; baseline -0.003 -26"><span class='ocrx_word' id='word_1_156' title='bbox 305 3461 332 3505; x_wconf 90' lang='lat'>‘⁴</span> <span class='ocrx_word' id='word_1_157' title='bbox 350 3455 489 3550; x_wconf 86' lang='lat' dir='ltr'>antiqua</span> <span class='ocrx_word' id='word_1_158' title='bbox 519 3456 671 3542; x_wconf 79' lang='lat' dir='ltr'>mallent,</span> <span class='ocrx_word' id='word_1_159' title='bbox 714 3456 822 3549; x_wconf 69' lang='lat' dir='ltr'>quim</span> <span class='ocrx_word' id='word_1_160' title='bbox 848 3456 1022 3542; x_wconf 91' lang='lat' dir='ltr'>dominos,</span> <span class='ocrx_word' id='word_1_161' title='bbox 1049 3460 1081 3526; x_wconf 77' lang='grc' dir='ltr'>δι</span> <span class='ocrx_word' id='word_1_162' title='bbox 1118 3453 1269 3524; x_wconf 89' lang='lat' dir='ltr'>colonias</span> 
     </span>
     <span class='ocr_line' id='line_1_26' title="bbox 306 3570 1269 3668; baseline -0.003 -26"><span class='ocrx_word' id='word_1_163' title='bbox 306 3577 332 3611; x_wconf 93' lang='lat'>‘⁴</span> <span class='ocrx_word' id='word_1_164' title='bbox 352 3599 458 3642; x_wconf 82' lang='lat' dir='ltr'>noras</span> <span class='ocrx_word' id='word_1_165' title='bbox 473 3602 482 3655; x_wconf 93' lang='lat'>;</span> <span class='ocrx_word' id='word_1_166' title='bbox 513 3572 710 3643; x_wconf 77' lang='lat' dir='ltr'>Arminium</span> <span class='ocrx_word' id='word_1_167' title='bbox 739 3572 853 3666; x_wconf 74' lang='lat' dir='ltr'>potitis</span> <span class='ocrx_word' id='word_1_168' title='bbox 877 3573 997 3668; x_wconf 83' lang='lat' dir='ltr'>gloriae</span> <span class='ocrx_word' id='word_1_169' title='bbox 1026 3597 1065 3642; x_wconf 87' lang='lat' dir='ltr'>ac</span> <span class='ocrx_word' id='word_1_170' title='bbox 1091 3570 1269 3658; x_wconf 84' lang='lat' dir='ltr'>libertatis,</span> 
     </span>
     <span class='ocr_line' id='line_1_27' title="bbox 306 3685 1272 3785; baseline -0.003 -28"><span class='ocrx_word' id='word_1_171' title='bbox 306 3695 332 3728; x_wconf 93' lang='lat'>⁴⁴</span> <span class='ocrx_word' id='word_1_172' title='bbox 352 3692 457 3782; x_wconf 70' lang='lat' dir='ltr'>quam</span> <span class='ocrx_word' id='word_1_173' title='bbox 483 3690 656 3784; x_wconf 79' lang='lat' dir='ltr'>Segestem</span> <span class='ocrx_word' id='word_1_174' title='bbox 686 3687 860 3785; x_wconf 83' lang='lat' dir='ltr'>flagitiosae</span> <span class='ocrx_word' id='word_1_175' title='bbox 877 3688 1043 3762; x_wconf 74' lang='lat' dir='ltr'>servitutis</span> <span class='ocrx_word' id='word_1_176' title='bbox 1070 3691 1196 3762; x_wconf 89' lang='lat' dir='ltr'>ducem</span> <span class='ocrx_word' id='word_1_177' title='bbox 1220 3685 1272 3760; x_wconf 56' lang='lat' dir='ltr'>se«</span> 
     </span>
     <span class='ocr_line' id='line_1_28' title="bbox 306 3808 571 3902; baseline -0.011 -25"><span class='ocrx_word' id='word_1_178' title='bbox 306 3813 332 3847; x_wconf 89' lang='lat'>‘⁴</span> <span class='ocrx_word' id='word_1_179' title='bbox 352 3808 571 3902; x_wconf 83' lang='lat' dir='ltr'>querentur.”</span> 
     </span>
    </p>
   </div>
   <div class='ocr_carea' id='block_1_3' title="bbox 0 0 1498 5138">
    <p class='ocr_par' dir='ltr' id='par_1_3' title="bbox 0 0 1498 5138">
     <span class='ocr_line' id='line_1_29' title="bbox 0 0 1498 5138; baseline 0 2"><span class='ocrx_word' id='word_1_180' title='bbox 0 0 1498 5138; x_wconf 95' lang='lat' dir='ltr'> </span> 
     </span>
    </p>
   </div>
  </div>
 </body>
</html>
