2986 5138
448 579 749 649 Auuniiuu
790 577 955 650 Linl.
1149 603 1204 690 51¹

279 749 363 819 LX.
400 748 570 820 Couciri
599 774 659 843 per
686 750 758 820 liaec
785 774 855 819 non
883 749 988 821 modo
1016 750 1191 839 Cherusci,

230 864 289 937 sed
325 865 544 937 contermina
579 888 721 963 gentes:
772 864 962 962 traslusque
1001 866 1036 938 iii
1082 889 1192 965 partes

231 983 472 1080 Inguiomerus
501 984 651 1056 Arminii
678 1006 831 1081 patruus,
866 984 970 1057 veteri
997 987 1091 1080 apud
1116 990 1191 1062 Ro·
1219 1024 1223 1031 =

231 1127 350 1173 manos
386 1102 605 1174 ausloritate:
650 1104 743 1176 unde
770 1102 877 1199 major
906 1102 1025 1174 Caesari
1048 1124 1188 1174 metus:

231 1224 264 1290 δ’(
288 1245 331 1292 ne
356 1223 486 1292 bellum
509 1223 602 1292 mole
619 1225 687 1293 una
704 1221 890 1317 ingrueret,
913 1220 1087 1292 Caecinam
1111 1245 1192 1291 cum

231 1337 458 1434 quadraginta
494 1337 694 1412 cohortibus
741 1339 925 1427 Romanis,
970 1313 1190 1410 disirahendo

229 1454 331 1542 hosti,
358 1481 418 1550 per
445 1459 624 1528 Brusleros
651 1459 696 1528 ad
717 1461 846 1529 slumen
872 1456 1037 1528 Amisiam
1062 1454 1189 1527 mittit:

229 1571 382 1666 equitem
395 1575 490 1646 Pedo
508 1574 698 1669 praeseslus‚
723 1576 847 1647 finibus
863 1576 1047 1648 Frisiorum
1069 1572 1189 1645 ducit:

228 1687 297 1784 ipse
315 1689 486 1785 impositas
503 1692 649 1763 navibus
667 1716 815 1788 quatuor
839 1693 989 1789 legiones
1013 1718 1074 1789 per
1096 1694 1191 1771 lacus

229 1807 345 1879 vexit:
372 1811 541 1906 simulque
564 1811 682 1905 pedes,
706 1837 825 1907 eques,
851 1814 968 1900 classis,
988 1813 1081 1906 apud
1105 1837 1190 1905 prae-

226 1924 358 1996 distum
382 1952 521 1999 amnem
546 1930 747 2001 convensre.
803 1930 935 2004 Chauci
960 1931 1041 2001 ciim
1064 1926 1192 2004 auxilia

226 2044 481 2140 pollicerentur,
517 2046 553 2117 in
575 2048 819 2121 commilitium
839 2047 955 2125 adsciti
977 2046 1062 2121 sunt.
1087 2050 1190 2117 Bruc-

225 2184 313 2251 teros
339 2163 396 2237 sua
418 2185 564 2254 urentes,
591 2167 753 2262 expedita
780 2194 861 2240 cuni
893 2192 999 2239 manu
1030 2169 1075 2238 L.
1098 2167 1189 2236 Ster-

225 2281 340 2371 tinius,
364 2282 464 2356 miffu
487 2284 685 2356 Germanici
707 2283 810 2374 sudit,
836 2286 993 2381 interque
1005 2286 1138 2356 caedem
1156 2290 1190 2355 δε

226 2403 378 2495 praedam
414 2401 538 2497 reperit
566 2403 827 2476 undevicesimae
861 2401 1004 2501 legionis
1037 2402 1188 2498 aquilam

225 2544 305 2590 cum
347 2522 439 2591 Varo
472 2522 637 2593 amissam.
707 2524 863 2594 Duclum
887 2522 968 2593 inde
992 2546 1119 2615 agmen
1143 2519 1188 2591 ad

224 2638 362 2715 ultimos
388 2641 660 2713 Brusterorum:
693 2661 931 2736 quantumque
961 2638 1127 2710 Amisiam
1153 2641 1187 2708 δε

225 2756 405 2851 Luppiam
429 2783 547 2830 amnes
576 2757 677 2846 inter,
712 2758 905 2843 vastatum3
939 2758 1033 2828 haud
1066 2756 1188 2851 procul

224 2875 512 2972 Teutoburgiensi
542 2874 639 2964 saltu,
677 2876 712 2948 iii
746 2903 817 2972 quo
850 2874 1002 2971 reliquiae
1031 2872 1110 2945 Vari
1139 2874 1188 2942 le-

229 2994 443 3092 gionumque
468 2993 640 3090 insepultae
659 2995 875 3075 dicebantur.

271 3115 371 3184 LXI.
397 3115 536 3184 loiruii
553 3113 681 3210 cupido
699 3113 864 3186 Caesarem
882 3113 1014 3186 invadit
1031 3110 1185 3184 solvendi

221 3231 378 3327 suprema
407 3230 587 3321 militibus,
608 3233 781 3329 ducique;
818 3251 977 3327 permoto
1006 3234 1050 3304 ad
1084 3228 1183 3301 mise-

221 3351 391 3430 rationem
424 3350 535 3442 omni,
566 3349 625 3447 qui
653 3352 782 3439 aderat,
820 3351 987 3438 exercitu,
1027 3353 1074 3422 ob
1109 3374 1187 3443 pro·

223 3470 385 3565 pinquos‚
412 3467 554 3558 amicos,
584 3468 736 3566 denique
761 3472 808 3541 ob
837 3467 931 3540 casus
956 3469 1126 3539 bellorum
1152 3471 1185 3538 &

218 3586 344 3659 sortem
370 3586 565 3659 hominum.
616 3586 792 3660 Praemisso
818 3585 970 3674 Caecinl,
992 3606 1028 3658 ut
1050 3587 1187 3658 occulta

218 3705 364 3780 saltuum
381 3704 593 3794 scrutaretur,
613 3705 802 3801 pontesque
827 3709 859 3776 &
883 3730 1024 3802 aggeres
1042 3705 1187 3775 humido

219 3826 386 3920 paludum
414 3830 447 3899 &
482 3824 660 3896 fallacibus
691 3822 821 3918 campis
851 3822 1055 3919 imponeret,
1093 3823 1185 3893 ince-

219 3943 305 4025 dunt
322 3943 457 4027 maestos
474 3946 582 4034 locos,
601 3940 744 4036 visuque
761 3966 800 4012 ac
817 3941 982 4014 memorii
1003 3939 1188 4020 deformes,

679 4061 710 4130 E
731 4083 750 4135 2
