2986 5138
420 554 726 627 Annniron
760 551 956 627 L1n.IV.
1127 580 1194 651 241

225 726 389 798 ficantem
407 725 490 821 patri
507 724 648 823 repetit:
676 750 747 823 quo
764 724 862 798 initio
885 723 1041 812 invidiae,
1068 729 1095 767 “
1113 724 1201 798 Non

228 851 257 885 “
276 842 451 942 ejusdem''
467 844 515 916 ait
541 851 567 887 “
582 840 731 918 maflare
746 838 830 918 divo
848 844 1010 942 Augusto
1025 841 1199 932 viffimas,

227 970 256 1063 ,“
276 968 309 1036 &
333 962 484 1060 posteros
500 962 571 1061 ejus
594 962 770 1036 insectari:
798 990 870 1037 non
888 964 923 1036 in
941 961 1071 1060 effigies
1087 977 1201 1034 mutas

228 1083 437 1156 “divinum
470 1080 630 1180 spiritum
663 1081 890 1170 transfusum
926 1083 983 1154 sed
1009 1080 1201 1179 imaginem
1289 1154 1292 1159 .

228 1211 255 1246 “
275 1229 406 1304 veram,
433 1202 558 1276 caeIesti
583 1201 746 1300 sanguine
771 1224 895 1291 ortam,
921 1200 1112 1297 intelligere
1133 1196 1200 1272 dis-

228 1330 255 1366 “
282 1322 429 1410 crimen,
469 1320 637 1416 suscipere
669 1319 794 1393 sordes.
849 1321 985 1394 Frustra
1016 1319 1201 1392 Pulchram

227 1448 256 1483 “
274 1440 458 1537 praescribi,
488 1439 544 1512 cui
562 1438 631 1513 sola
648 1440 745 1512 exitii
761 1441 861 1514 causa
877 1443 927 1528 fit,
953 1439 1049 1536 quod
1065 1437 1198 1536 Agrip·

227 1566 256 1602 “
283 1559 403 1655 pinam
419 1559 519 1631 stulte
543 1559 673 1654 prorsus
689 1560 733 1631 ad
750 1562 882 1634 cultum
898 1558 1077 1656 delegerit,
1094 1557 1202 1632 oblita

228 1686 256 1722 “
274 1680 374 1751 Sofiae
403 1681 450 1751 ob
480 1680 601 1751 eadem
628 1679 814 1752 adflittaess’
874 1678 1009 1753 Audita
1042 1680 1116 1752 haec
1143 1703 1200 1751 ra·
1274 1683 1277 1686 ’

224 1824 300 1871 ram
317 1797 445 1870 occulti
474 1797 622 1894 pectoris
642 1821 767 1871 vocem
796 1798 957 1888 elicuere,
989 1818 1200 1893 correptam·

227 1943 296 2015 que
328 1919 455 1990 Graeco
483 1915 578 1990 versu
608 1918 813 1990 admonuit:
841 1920 905 1989 ideo
935 1920 1017 2002 laedi,
1042 1921 1117 2014 quia
1143 1941 1202 1990 non

225 2051 382 2132 regnaret.
432 2037 582 2111 Pulchra
609 2040 642 2108 &
664 2037 810 2112 Furnius
826 2038 1045 2111 damnantur.
1096 2037 1198 2130 Aser,

225 2154 436 2250 primoribus
463 2178 639 2231 oratorum
662 2157 811 2246 additus,
837 2157 1018 2255 divulgato
1043 2154 1200 2254 ingenio,

224 2279 258 2346 &
277 2273 393 2348 secutfi·
405 2274 661 2348 adseveratione
676 2275 830 2365 Caesaris,
849 2280 917 2373 qufa
936 2284 962 2318 “
980 2274 1128 2373 suojure
1145 2277 1199 2350 di·

226 2400 254 2437 “
273 2385 424 2468 sertum'’
441 2419 521 2468 eum
538 2395 742 2492 appellavit:
771 2421 856 2468 mox
874 2396 1082 2492 capessendis
1097 2422 1201 2471 accu-

225 2513 423 2605 sationibus,
446 2536 504 2588 aut
527 2538 603 2588 reos
626 2515 784 2604 tutando,
807 2513 1019 2611 prosperiore
1035 2516 1201 2612 eloquen-

224 2633 281 2705 tiae
303 2633 412 2731 quom
440 2659 577 2706 morum
604 2632 695 2706 fami
722 2632 804 2706 fuitz
831 2633 891 2707 nisi
914 2633 1010 2732 quod
1035 2655 1116 2709 aetas
1137 2659 1199 2709 ex·

226 2771 338 2824 trema
364 2753 516 2827 multum
546 2752 650 2824 etiam
683 2753 888 2850 eloquentiae
922 2755 1084 2851 dempfit,
1113 2756 1201 2852 dum
1284 2749 1288 2756 ²

227 2866 310 2942 sessfa
327 2890 452 2942 mente¹
466 2872 588 2943 retinet
610 2872 728 2945 silentii
745 2872 1006 2969 impatientiam.

277 2991 374 3061 LIII.
402 2993 461 3062 Ar
481 2993 726 3080 Aennnm,
745 2991 910 3087 pervicax
927 2992 999 3080 irae,
1020 2997 1053 3065 δι
1073 2995 1201 3066 morbo

225 3107 377 3204 corporis
403 3108 593 3206 implicata,
623 3111 705 3183 cirm
732 3109 852 3183 viseret
875 3137 952 3184 eam
968 3109 1092 3201 Caesar,
1118 3137 1201 3208 pro·

224 3225 305 3299 fusis
326 3227 387 3299 diu
409 3254 448 3301 ac
466 3254 525 3324 per
543 3230 710 3303 silentium
731 3229 896 3319 lacrimis,
923 3256 1008 3303 mox
1031 3229 1200 3304 invidiam

228 3349 396 3443 &preces
428 3349 580 3422 orditur:
621 3347 861 3423 “subveniret
890 3347 1078 3438 solitudini,
1104 3349 1200 3422 daret

228 3472 257 3508 “
275 3466 461 3540 maritum:
489 3467 641 3541 habilem
658 3469 771 3542 adhuc
781 3466 966 3565 juventam
983 3467 1068 3552 sibi3
1085 3492 1199 3565 neque

227 3591 255 3627 “
271 3585 366 3658 aliud
396 3587 527 3684 probis,
561 3589 669 3685 qufam
696 3612 741 3660 ex
773 3585 991 3659 matrimonio
1019 3584 1197 3662 solatiumz

227 3711 255 3747 “
273 3707 340 3779 esse
363 3706 398 3778 in
421 3706 573 3796 civitate,
607 3706 668 3804 qui
698 3705 896 3780 Germanici
925 3706 1122 3804 conjugem,
1156 3731 1198 3781 ac

227 3831 255 3867 “
273 3826 397 3900 liberos
421 3825 493 3922 ejus
511 3827 659 3923 recipere
677 3825 939 3924 dignarentur.'’
987 3826 1054 3899 Sed
1070 3822 1198 3915 Caesar,

226 3970 298 4020 non
313 3946 450 4047 ignarus
467 3966 637 4046 quantum
660 3971 705 4019 ex
729 3943 907 4043 republicfi
928 3963 1125 4043 peteretur;
1154 3968 1199 4018 ne
