2986 5138
434 566 739 637 Annnrruu
770 567 883 638 [ΑΒ.
918 568 979 639 VI.
1127 590 1196 668 279

228 733 352 829 quibus
380 731 416 804 in
444 735 589 807 moduni
609 734 825 825 defensionis,
857 738 1000 834 repetito
1018 746 1045 781 “
1064 739 1149 812 inter
1165 739 1199 812 se

229 860 256 895 “
268 873 377 949 ,atque
414 854 553 925 Cottam
587 853 746 927 amicitiae
784 855 968 952 principio,
1007 857 1199 954 crebrisque

229 971 342 1069 “ejus
358 970 503 1044 officiis''
528 975 821 1063 commemoratis,
858 982 884 1016 “
903 999 947 1046 ne
963 978 1069 1048 verba
1095 976 1200 1072 pravd

228 1099 256 1134 “
275 1092 423 1180 detorta,
448 1115 517 1163 neu
532 1090 769 1166 convivalium
790 1091 987 1166 fabularum
1004 1093 1198 1189 simplicitas

228 1217 255 1252 “
273 1210 309 1282 in
327 1210 459 1283 crimen
475 1212 696 1300 duceretur,’'
723 1212 920 1308 postulavit.

275 1330 336 1401 Vl.
361 1332 522 1402 Iusroun
541 1328 651 1403 visum
668 1330 717 1402 est
734 1355 850 1403 earum
867 1330 1010 1404 Caesaris
1026 1331 1199 1406 literarum

227 1448 389 1533 initium;
416 1475 498 1521 nam
530 1448 581 1521 his
613 1448 726 1522 verbis
759 1447 896 1522 exorsus
925 1451 983 1523 est.
1050 1459 1077 1493 “
1101 1451 1199 1547 Qid

228 1575 255 1609 “
273 1566 419 1640 scribam
437 1567 549 1657 vobis,
579 1586 691 1665 patres
715 1566 908 1664 conscripti,
933 1590 993 1642 aut
1021 1572 1201 1666 quomodo

229 1693 257 1728 “
277 1685 436 1774 scribam,
477 1704 547 1760 aut
563 1686 648 1783 quid
681 1686 825 1759 omnino
853 1713 923 1759 non
951 1686 1097 1762 scribam
1131 1689 1200 1762 hoc

227 1811 254 1846 “
273 1824 443 1901 tempore,
470 1805 518 1877 dii
542 1831 600 1878 me
623 1805 767 1902 deaeque
783 1803 879 1901 pejus
906 1809 1064 1904 perdant,
1093 1809 1201 1905 quam

227 1929 255 1966 “
275 1923 383 2020 perire
401 1949 457 1997 me
474 1923 630 2021 quotidie
646 1923 768 2012 sentio,
795 1924 938 1998 siscio‚''
988 1927 1090 2000 Adeo
1115 1925 1199 2000 saci·

228 2066 314 2114 nora
330 2062 435 2139 atque
458 2042 591 2140 flagitia
608 2041 666 2115 sua
686 2043 746 2139 ipsr
769 2069 911 2140 quoque
938 2043 972 2116 in
989 2044 1197 2141 supplicium

116 2215 122 2228 .
225 2183 408 2234 verterant.
483 2164 610 2258 Neque
642 2160 764 2234 srustra
796 2162 1081 2258 praestantiffimus
1112 2161 1199 2261 sapi-

223 2280 323 2353 entiae
342 2283 479 2354 firmare
495 2281 610 2354 solitus
627 2281 687 2369 est,
703 2284 725 2353 fi
742 2282 960 2354 recludantur
975 2303 1200 2378 tyrannorum

223 2419 369 2489 mentes,
400 2402 492 2496 posse
520 2399 626 2494 aspici
651 2399 850 2473 laniatus&
875 2400 975 2490 idus,
1005 2403 1144 2499 quando
1160 2422 1200 2474 ut

222 2545 366 2616 corpora
397 2518 610 2608 verberibus,
646 2518 693 2591 ita
726 2518 866 2608 saevitia,
911 2519 1067 2610 libidine,
1101 2521 1200 2595 malis

224 2637 397 2724 consultis,
422 2637 556 2709 animus
584 2638 798 2710 dilaceretur.
848 2638 992 2736 Qrippe
1018 2639 1202 2712 Tiberium

223 2780 295 2827 non
333 2751 482 2844 fortuna,
514 2781 585 2828 non
614 2755 809 2829 solitudines
843 2762 1085 2854 protegebant,
1115 2758 1200 2856 quin

224 2892 395 2946 tormenta
412 2874 559 2969 pedoris
576 2872 714 2972 suasque
731 2874 800 2971 ipse
817 2903 936 2972 poenas
953 2875 1127 2952 fateretur.

270 2994 348 3066 Vll.
385 2994 480 3065 Tou
518 2990 605 3064 faut
638 2992 793 3088 patribus
828 2996 995 3091 potestate
1031 2996 1200 3068 statuendi

222 3114 312 3184 “de
341 3111 524 3184 Caeciliano
556 3109 720 3200 senatore,
755 3111 814 3208 qui
842 3113 989 3210 plurima
1016 3116 1201 3187 adversum

223 3233 409 3304 “Cottam
427 3227 676 3328 prornpserat,''
693 3231 871 3327 placitum,
896 3239 923 3275 “
940 3235 1100 3306 eamdem
1123 3260 1199 3330 poe-

224 3357 251 3394 “
271 3377 351 3423 nam
364 3351 526 3448 inrogari,
545 3376 651 3447 quam
668 3350 703 3422 in
714 3349 943 3424 Aruseium&
960 3351 1201 3448 Sanquinium,

224 3478 253 3514 “
271 3469 477 3544 accusatores
496 3471 541 3541 L.
560 3468 714 3541 Arruntii
728 3471 764 3541 :''
787 3496 859 3566 quo
887 3497 957 3542 non
976 3469 1069 3542 aliud
1086 3471 1197 3542 hono-

221 3590 407 3664 rificentius
429 3591 542 3663 Cottae
560 3589 695 3674 evenit3
722 3588 782 3685 qui
801 3588 925 3660 nobilis
955 3588 1110 3684 quidem,
1141 3587 1198 3660 sed

222 3736 328 3808 egens
357 3713 405 3784 ob
434 3712 572 3798 luxum,
612 3734 673 3804 per
700 3707 829 3804 flagitia
861 3707 1010 3795 infamio,
1041 3704 1198 3780 sanctissi-

222 3830 287 3902 mis
304 3829 459 3902 Arruntii
480 3827 610 3902 artibus
626 3826 796 3924 dignitate
820 3824 958 3897 ultionis
983 3826 1202 3921 aequabatur.-

223 3949 374 4046 Qrintus
405 3952 561 4023 Servaeus
588 3947 741 4044 posthac,
771 3948 805 4016 δι
831 3942 1002 4017 Minutius
1025 3944 1200 4017 Thermus

681 4065 716 4133 T
744 4088 769 4153 4
