2986 5138
341 590 387 660 66
547 586 589 659 C.
622 586 896 661 Conurrrr
930 584 1136 658 Tncrrr

340 764 368 800 “
386 777 491 848 retur,
523 759 630 856 idque
657 761 736 858 ipsis
765 758 954 858 perniciem
981 756 1162 831 adferret.''
1211 756 1307 830 Con-

340 878 497 973 gmentia
525 879 578 951 his
611 881 858 952 Interamnates
883 877 1091 951 diffetudre:
1124 882 1151 918 “
1175 877 1309 971 peffum

341 994 496 1068 “ituros
526 996 781 1070 fecundissimos
813 996 919 1071 Italiae
950 1022 1106 1093 campos,
1144 997 1168 1066 sr
1197 995 1311 1068 amnis

342 1119 370 1155 “
388 1115 424 1184 N
427 1115 487 1185 ar”
519 1115 573 1209 (id
590 1116 683 1188 enim
701 1118 899 1213 parabatur)
931 1116 1006 1188 “in
1024 1115 1116 1187 rivos
1131 1113 1309 1204 diductus,

341 1238 369 1274 “
388 1231 741 1331 superstagnaviffct.”
799 1237 877 1309 Nec
900 1234 1039 1309 Reatini
1060 1235 1215 1324 filebant,
1240 1236 1310 1306 Ve-

340 1350 452 1423 linum
476 1354 604 1442 lacum,
642 1354 711 1449 qua
732 1354 769 1426 in
795 1357 929 1428 Narem
956 1353 1157 1442 effunditur,
1182 1351 1311 1425 obstrui

341 1469 558 1556 recusantes3
602 1472 773 1570 “quippe
802 1473 838 1545 in
865 1472 1055 1571 adjacentia
1078 1491 1310 1568 erupturumz

343 1595 370 1630 “
389 1591 533 1684 optume
562 1594 663 1663 rebus
686 1592 886 1665 mortalium
912 1589 1115 1665 consuluisse
1136 1610 1310 1677 naturam,

343 1713 370 1748 “
389 1733 468 1802 quae
494 1706 551 1780 sua
576 1734 636 1781 ora
668 1709 883 1800 ssuminibus,
925 1709 1003 1784 suos
1035 1708 1161 1796 cursus,
1201 1727 1314 1803 utque

343 1831 370 1865 “
388 1825 572 1922 originem,
603 1828 649 1899 itu
677 1830 762 1900 fines
789 1829 950 1902 dederit:
984 1827 1182 1925 spectandas
1205 1825 1310 1897 etiam

342 1951 369 1986 “
389 1945 573 2042 religiones
590 1946 772 2038 sociorum,
795 1947 855 2045 qui
871 1947 976 2038 sacra,
1007 1952 1040 2020 δι
1057 1947 1166 2033 lucos,
1186 1947 1218 2015 δι
1236 1969 1310 2015 aras

342 2070 370 2105 “
389 2065 505 2160 patriis
531 2065 690 2139 amnibus
708 2066 924 2141 dicaverint:
956 2065 1042 2163 quin
1065 2062 1180 2160 ipsum
1201 2061 1311 2136 Tibe-

341 2188 369 2225 “
388 2183 453 2255 rim
471 2187 576 2273 nolle,
603 2184 738 2281 prorsus
751 2186 876 2258 accolis
902 2186 1015 2261 fluviis
1040 2186 1215 2271 orbatum,
1243 2180 1312 2253 mi-

343 2308 474 2375 “nore
501 2303 610 2401 glorid
634 2305 778 2377 fluere.”
835 2306 902 2378 Seu
935 2329 1051 2400 preces
1081 2301 1310 2391 colomamm,

340 2419 398 2493 seu
426 2423 606 2495 difficultas
632 2448 794 2519 operum,
817 2427 885 2496 srve
905 2420 1094 2518 superstitio
1119 2420 1238 2508 valuit,
1273 2439 1313 2492 ut

343 2540 379 2611 in
413 2540 614 2612 sententiam
636 2539 768 2614 Pisonis
792 2541 1049 2630 concederetur,
1074 2539 1134 2638 qui
1154 2539 1203 2611 nil
1231 2565 1310 2611 mu-

340 2661 485 2731 tandum
511 2657 692 2732 censuerat.

400 2780 558 2850 LXXX.
592 2781 864 2852 Pnortoonruu
888 2781 1042 2876 Poppaeo
1070 2779 1195 2853 Sabino
1230 2805 1311 2876 pro-

341 2896 455 2969 vincia
472 2900 611 2986 Moefia,
630 2898 754 2970 additis
772 2899 906 2973 Achaia
933 2926 973 2972 ac
996 2897 1219 2973 Macedonid.
1269 2900 1312 2971 Id

341 3042 481 3113 quoque
507 3044 645 3089 morum
666 3016 799 3089 Tiberii
826 3016 903 3106 fuit,
930 3018 1130 3091 continuare
1156 3017 1312 3112 imperia,

341 3162 380 3209 ac
395 3134 573 3232 plerosque
597 3136 640 3207 ad
665 3138 773 3208 finem
789 3135 869 3208 vitae
893 3136 930 3208 in
953 3135 1075 3209 iisdem
1092 3137 1312 3224 exercitibuS,

341 3273 400 3325 aut
410 3252 701 3351 jurisdictionibus
719 3255 853 3327 habere.
904 3254 1020 3328 Causae
1045 3255 1147 3328 variae
1170 3257 1310 3327 tradun-

340 3393 419 3446 tur:
443 3373 499 3445 alii
532 3381 559 3415 “
573 3372 677 3446 taedio
703 3398 804 3444 novae
832 3398 937 3462 curae,
964 3370 1066 3446 semel
1095 3374 1219 3470 placita
1247 3400 1312 3470 pro

342 3500 368 3535 “
387 3493 520 3565 aeternis
558 3491 735 3566 servavisse
749 3493 786 3562 :'’
832 3490 977 3587 quidam
1031 3491 1216 3582 “invidid,
1268 3518 1312 3563 ne

342 3617 369 3652 “
389 3613 502 3706 plures
531 3609 724 3683 fruerentur
740 3611 776 3681 :''
804 3610 881 3682 sunt
909 3611 969 3707 qui
994 3610 1203 3698 existiment,
1231 3617 1312 3680 “ut

342 3735 370 3769 “
389 3729 554 3800 callidum
570 3728 640 3825 ejus
658 3728 853 3825 ingenium,
872 3729 920 3800 ita
936 3726 1257 3824 anxiumjudicium
1273 3729 1311 3797 :'’

232 3880 235 3885 ²
342 3846 563 3941 nequeenim
581 3847 771 3920 eminentes
784 3847 925 3920 virtutes
942 3847 1142 3935 sectabatur,
1168 3848 1205 3917 δι
1233 3872 1309 3917 rur-

342 3961 418 4036 sum
447 3963 532 4038 vitia
555 3966 699 4041 oderat:
740 3990 785 4038 ex
812 3965 967 4063 optimis,
994 3966 1188 4066 periculum
1218 3965 1310 4052 srbi3
