2986 5138
294 613 359 688 xlii

302 834 385 882 nem
404 802 674 905 ignobilioris&
692 803 847 881 obscurae
862 804 1040 895 editionis,
1058 829 1167 904 quam
1180 811 1282 907 prelis

304 925 567 1025 typographicis
596 927 900 1012 accommodabat,
938 928 993 1000 vel
1024 928 1180 1004 maxime
1213 932 1286 1027 ejus

302 1048 465 1121 mendas:
493 1044 650 1119 Pichena
665 1043 870 1142 scripturam
887 1071 1032 1121 omnem
1049 1050 1281 1144 qualemcun-

300 1191 370 1263 que
387 1165 560 1263 Lipfianae
575 1166 633 1238 ed.
656 1168 761 1263 1585.
779 1163 945 1261 Ryckius
962 1166 1019 1240 ed.
1034 1167 1283 1256 Gronovianae,

300 1288 367 1359 five
394 1282 681 1359 Berneccerianae.
730 1287 822 1382 Qrae
847 1308 930 1381 ergo
959 1284 1010 1358 est
1034 1311 1113 1361 vere
1139 1290 1280 1387 vulgata

216 1444 219 1449 ·
303 1408 337 1478 δι
353 1424 492 1500 recepta
508 1401 626 1476 Taciti
654 1400 780 1475 lertio?
832 1400 994 1476 Prosedlo
1019 1402 1106 1504 saepe
1123 1407 1281 1481 animad-

162 1581 166 1585 ,
302 1522 389 1598 verti
401 1524 551 1620 vulgarae
565 1519 724 1594 lediionis
740 1545 872 1596 nomen
887 1521 977 1595 nihil
992 1525 1070 1612 esse,
1086 1525 1162 1613 nifi,
1181 1528 1282 1623 quod

302 1644 348 1716 de
383 1644 539 1715 Fortuna
576 1639 669 1713 dixit
700 1662 800 1715 vetus
825 1640 966 1738 aliquis,
1004 1650 1127 1728 ἀγνόιας
1149 1650 1282 1734 tibulos,

301 1759 504 1860 perfugium
522 1779 613 1833 certe
631 1758 787 1834 inscitiae.
836 1760 924 1834 Non
947 1759 1144 1834 videndum
1169 1764 1219 1836 est
1244 1764 1281 1837 in

302 1878 525 1977 scriptoribus
543 1879 711 1977 antiquis,
737 1906 816 1977 quae
840 1881 983 1978 vulgata
998 1877 1102 1952 ledlio
1120 1883 1173 1953 srt:
1202 1881 1282 1957 sunt

301 1999 398 2074 enim
411 1999 498 2095 saepe
512 1998 548 2072 in
564 2025 637 2072 uno
652 2001 732 2072 loco
746 2001 863 2096 plures
872 2001 1042 2098 vulgatae3
1057 2018 1161 2097 atque
1176 2000 1282 2076 etiam

302 2121 440 2193 mendae
455 2120 656 2215 vulgantur,
682 2140 723 2191 ut
739 2117 869 2191 centies
888 2117 925 2191 in
941 2117 1034 2191 notis
1049 2120 1094 2191 ad
1112 2119 1282 2195 Tacitum

302 2237 427 2312 docui:
447 2235 506 2310 sed
524 2261 603 2332 quae
623 2239 718 2310 bona
734 2239 785 2324 srt,
803 2262 821 2310 e
843 2236 944 2310 bonis
962 2235 1058 2310 libris
1073 2241 1107 2310 δι
1121 2240 1282 2316 εοηοᾶἰε

302 2358 422 2440 duda,
464 2359 497 2428 δι
528 2354 658 2454 linguae
688 2354 826 2457 legibus
856 2355 1030 2453 rebusque
1062 2355 1280 2434 consentiens

302 2500 521 2549 maxime.-

847 2593 983 2668 Ernesti
1002 2620 1082 2693 pag.
1099 2620 1255 2694 42-43.
1290 2606 1295 2615 '

351 2831 435 2929 Pag.
455 2855 511 2931 31.
529 2831 590 2904 lin.
609 2855 641 2932 7.
663 2832 728 2928 post
751 2833 849 2904 verba
868 2833 952 2905 MS.
970 2831 1172 2907 Corbeiensr
1183 2853 1279 2930 pone,

302 2951 390 3050 (vid.
408 2978 487 3050 pag.
511 2979 541 3025 1.
558 2951 619 3024 lin.
638 2957 717 3041 20.)

351 3071 434 3168 Pag.
454 3097 513 3170 37.
533 3070 595 3144 lin.
620 3098 678 3170 23.
703 3084 776 3144 ante
795 3073 923 3144 verbum
947 3076 1057 3147 Anno
1076 3092 1168 3171 pone,
1195 3073 1279 3150 Vid.

302 3218 383 3291 pag.
397 3217 456 3265 20.
482 3189 544 3264 lin.
565 3191 620 3263 16.
