2986 5138
344 574 411 642 144
591 548 634 620 C.
662 549 898 621 Conuauu
922 545 1099 617 Tacrrr

342 732 368 767 ‘⁶
387 726 487 797 effe.'’
512 726 602 799 Hac
628 728 757 820 palam,
785 727 818 795 δι
833 722 941 795 vitato
957 720 1053 795 omni
1069 719 1219 793 secreto:
1246 746 1305 794 ne-

341 871 408 942 que
438 844 685 923 dubitabantur
708 841 902 941 praescripta
926 843 957 915 ei
983 869 1004 915 a
1027 841 1185 930 Tiberio,
1211 843 1307 930 clam,

339 964 521 1037 incallidus
545 965 674 1063 alioqui
700 970 732 1037 a
758 961 864 1036 facilis
874 961 1030 1060 juventi,
1056 959 1216 1036 senilibus
1233 983 1307 1035 tum

340 1084 467 1159 artibus
490 1104 649 1158 uteretur.

371 1179 453 1278 ἱ1Χ.
478 1206 585 1293 P1so,
622 1204 821 1277 Dalmatico
849 1202 935 1275 mari
968 1202 1135 1292 tramiff0,
1170 1202 1307 1275 relidis-

341 1350 408 1422 que
441 1325 536 1422 apud
564 1328 750 1398 Anconam
778 1322 936 1410 navibus,
967 1348 1026 1419 per
1052 1322 1234 1411 Picenum,
1268 1347 1307 1395 ac

341 1470 426 1518 mox
442 1443 650 1518 Flaminiam
670 1443 776 1532 viam,
804 1439 1000 1538 adsequitur
1015 1440 1201 1538 legionem,
1228 1469 1307 1540 quae

338 1563 551 1638 ePannonilt
571 1562 607 1634 in
622 1564 774 1651 Urbem,
797 1561 879 1634 dein
902 1560 1058 1658 praesidio
1075 1559 1216 1653 Africa,
1242 1563 1306 1634 du·

339 1686 503 1759 cebatur:
542 1708 651 1781 eaque
681 1706 733 1755 res
761 1681 887 1780 agitata
915 1679 1123 1770 minoribus,
1161 1688 1187 1723 “
1205 1703 1244 1754 ut
1272 1681 1308 1753 in

341 1804 527 1903 “agmine
549 1824 653 1902 atque
674 1803 793 1875 itinere
813 1801 934 1874 crebro
956 1799 989 1873 se
1007 1800 1173 1874 militibus
1194 1801 1308 1872 osteu-

342 1932 371 1968 “
388 1924 558 1998 taviffet.''
608 1925 668 1996 Ab
683 1922 829 2012 Narnil,
861 1921 1011 1993 vitandae
1027 1918 1236 2017 suspicionis,
1263 1947 1309 1993 an

341 2045 423 2144 quia
449 2043 584 2140 pavidis
616 2042 752 2116 consilia
782 2042 818 2117 in
851 2040 982 2114 incerto
1009 2037 1099 2129 sunt,
1130 2043 1237 2130 Nare,
1268 2063 1308 2113 ac

314 2238 316 2244 .
340 2189 427 2238 mox
451 2162 571 2236 Tiberi
596 2163 773 2252 devedus,
798 2160 895 2235 auxit
915 2159 1013 2258 vulgi
1039 2160 1115 2251 iras,
1142 2159 1223 2258 quia
1248 2185 1308 2234 na-

340 2310 423 2357 vem
440 2284 576 2355 tumulo
592 2280 764 2354 Caesarum
785 2282 966 2379 adpulerat
978 2308 989 2366 ;
1014 2279 1153 2378 dieque,
1180 2282 1213 2352 &
1235 2279 1310 2377 ripa

341 2401 523 2498 frequenti,
567 2426 696 2497 magno
726 2400 907 2473 clientium
935 2398 1076 2498 agmine
1100 2397 1184 2496 ipse,
1211 2397 1309 2472 femi-

341 2546 463 2592 narum
488 2518 651 2591 comitatu
672 2516 850 2607 Plancina,
881 2523 914 2591 a
939 2521 1039 2592 vultu
1059 2521 1186 2593 alacres
1202 2517 1307 2591 inces-

341 2643 423 2710 sere.
474 2636 553 2710 Fuit
576 2635 665 2709 inter
686 2637 900 2711 inritamenta
922 2637 1061 2712 invidiae
1084 2640 1210 2711 domus
1234 2637 1309 2711 foro

339 2755 538 2843 imminens,
569 2755 651 2829 sesta
675 2777 812 2848 ornatu,
840 2758 1113 2860 conviviumque
1132 2764 1165 2830 δι
1182 2759 1307 2853 epulae,

340 2879 373 2946 &
391 2874 589 2947 celebritate
606 2875 671 2949 loci
686 2876 773 2949 nihil
790 2880 981 2951 occultum.

384 2995 433 3065 X.
458 2997 638 3068 Poscana
656 2997 725 3085 die,
744 2997 920 3070 Fulcinius
937 2998 1024 3072 Trio
1039 2997 1198 3070 Pisonem
1215 2999 1308 3093 apud

339 3113 491 3186 consules
518 3115 721 3209 postulavit:
753 3119 871 3189 contra
898 3118 1071 3208 Vitellius,
1100 3143 1140 3190 ac
1166 3117 1309 3189 Verani-

338 3261 392 3324 us,
434 3235 604 3331 ceterique
636 3237 886 3310 Germanicum
918 3237 1070 3311 comitati
1108 3240 1308 3327 tendebant,

341 3357 495 3428 “nullas
517 3358 582 3428 else
600 3376 711 3451 partes
728 3356 874 3442 Trioni;
905 3384 1017 3455 neque
1036 3357 1068 3430 se
1087 3355 1308 3445 accusatores,

342 3481 368 3515 “
387 3474 443 3546 sed
460 3502 572 3547 rerum
590 3475 720 3549 indices
738 3482 769 3549 ἃ
794 3476 907 3565 testes,
935 3478 1096 3549 mandata
1113 3475 1310 3549 Germanici

340 3600 366 3634 “
387 3595 614 3689 perlaturos.''
674 3597 749 3682 Ille,
780 3595 918 3669 dimisa-lt
949 3595 1020 3693 ejus
1053 3595 1160 3669 causae
1189 3596 1309 3668 delati·

339 3737 418 3800 one,
451 3722 478 3754 “
496 3735 534 3785 ut
551 3713 699 3809 priorem
722 3714 829 3788 vitam
846 3701 1038 3789 accusaret’'
1056 3715 1229 3799 obtinuir3
1250 3741 1308 3811 pe-

338 3831 510 3927 titumque
536 3833 585 3903 est
611 3858 632 3904 a
660 3831 829 3929 principe,
861 3843 888 3877 “
907 3827 1143 3934 cognitionem
1170 3834 1309 3930 excipe-

341 3955 368 3992 “
388 3952 474 4020 ret.''
524 3953 632 4047 Qiod
658 3976 799 4026 nereus
823 3954 965 4051 quidem
982 3958 1169 4046 abnuebat,
1196 3952 1308 4029 studia
