2986 5138
425 598 728 665 Annnnrunr
763 597 873 666 Lis.
907 595 951 665 II.
1156 619 1218 690 131

257 770 286 806 “
306 765 412 861 quim
445 767 527 864 quia
559 768 730 863 populum
773 770 977 840 Romanurn
1014 789 1115 862 aequo
1145 763 1224 862 jure

255 889 283 925 “
302 886 501 981 cornpsesii,
531 886 661 958 redditi
679 887 849 974 libertate,
868 884 1107 983 agitaverint.’'
1144 889 1223 959 Hos

255 1004 352 1100 vulgi
385 1003 555 1077 sermones
588 1005 704 1078 audita
727 1031 820 1077 mors
859 1004 946 1077 adei)
979 1004 1146 1095 incendit,
1185 1025 1224 1078 ut

256 1145 334 1193 ame
358 1124 509 1195 edisium
534 1124 810 1220 magistratuum,
846 1146 924 1195 ante
959 1122 1223 1196 senatusconsul-

252 1259 342 1330 tum,
373 1241 673 1340 sumptojustitiO,
700 1241 930 1314 desererentur
958 1241 1043 1331 sora,
1082 1245 1221 1315 claude-

254 1381 368 1432 rentur
395 1362 548 1445 domus;
578 1364 696 1457 passim
726 1361 854 1433 silentia
882 1367 914 1432 δι
946 1361 1108 1458 gemitus,
1136 1362 1222 1435 nihil

252 1483 482 1575 compositum
500 1480 535 1552 in
551 1481 833 1553 ostentationem:
872 1486 904 1553 &
924 1506 1138 1577 quamquam
1161 1507 1221 1554 ne·

252 1623 321 1693 que
349 1597 537 1696 insignibus
554 1600 747 1695 lugentium
765 1600 985 1689 abstinerent,
1020 1601 1120 1672 altiiis
1147 1601 1221 1673 ani·

252 1717 317 1789 mis
346 1720 542 1790 maerebant.
593 1718 695 1790 Forte
721 1719 962 1815 negotiatores,
994 1718 1132 1792 vivente
1160 1722 1221 1793 ad·

252 1837 320 1908 huc
338 1837 562 1925 Germanico,
592 1837 685 1931 Syriis
712 1841 845 1935 egressi,
876 1838 1003 1910 Iaetiora
1028 1839 1072 1910 de
1089 1840 1220 1911 valetu-
1298 1866 1301 1871 ·

251 1956 333 2027 dine
349 1954 420 2052 ejus
438 1957 604 2028 attulsre:
635 1956 749 2027 statim
767 1957 907 2044 credita,
935 1957 1047 2029 statim
1079 1958 1222 2055 vulgata

249 2073 349 2145 sunt:
374 2096 414 2146 ut
432 2073 576 2171 quisque
592 2075 732 2165 obvius,
761 2075 921 2171 quamvis
945 2076 1063 2147 leviter
1089 2077 1219 2165 audita,

249 2193 284 2265 in
300 2192 399 2281 alios,
418 2215 521 2289 atque
538 2193 587 2265 illi
605 2194 639 2265 in
656 2195 771 2290 plures
785 2197 959 2267 cumulata
973 2196 1102 2292 gaudio
1112 2217 1219 2269 trans-

249 2311 384 2385 serunt:
412 2311 547 2385 cursant
580 2339 640 2409 per
668 2316 819 2402 Urbem,
851 2314 1041 2387 moliuntur
1066 2317 1217 2410 templo·

250 2457 328 2503 rum
355 2431 466 2504 fores:
494 2429 587 2529 juvit
621 2433 860 2506 credulitatem
889 2461 972 2522 nox,
1007 2437 1040 2504 sc
1074 2408 1218 2531 prompi-

251 2552 318 2623 tior
334 2551 422 2622 inter
438 2554 595 2624 tenebras
612 2552 818 2625 adfirmatio.
867 2556 945 2626 Nec
974 2551 1104 2624 obstitit
1132 2552 1220 2627 falfis

250 2671 429 2760 Tiberius,
465 2672 576 2743 donec
603 2692 758 2767 tempore
790 2699 828 2744 ac
854 2672 963 2769 spatio
990 2671 1217 2747 vanescerent.

250 2793 296 2862 Et
314 2792 476 2886 populus,
502 2793 593 2887 quasi
607 2789 740 2863 rursum
753 2813 923 2887 ereptum,
944 2791 1054 2864 acrius
1070 2792 1193 2865 doluit.

296 2911 505 2981 LXXXIII.
532 2912 740 2998 Honorius,
766 2930 804 2982 ut
838 2910 914 3006 quis
942 2935 1058 2982 amore
1076 2911 1110 2982 in
1128 2915 1216 2984 Ger-

251 3028 441 3117 manicum,
471 3049 529 3099 aut
558 3027 697 3125 ingenio
731 3029 879 3115 validus,
905 3029 1042 3124 reperti,
1071 3030 1216 3102 decreti·

250 3174 331 3245 que,
359 3153 386 3189 “
403 3168 441 3219 ut
458 3172 584 3219 nomen
603 3145 673 3244 ejus
691 3148 807 3220 Saliari
837 3148 987 3232 carmine
1011 3169 1214 3222 caneretur:

250 3265 389 3338 “sedes
423 3267 557 3339 curules
584 3264 797 3338 sacerdotum
836 3267 1081 3363 Augustalium
1116 3267 1214 3356 Iocis,

249 3383 462 3482 “superque
502 3410 557 3457 eas
601 3410 756 3482 querceae
795 3410 929 3457 corona·
967 3384 1212 3457 statuerenturr

250 3515 276 3548 “
297 3507 397 3578 ludus
423 3503 595 3577 Circenses
624 3507 752 3576 eburna
779 3503 908 3601 effigies
938 3502 1095 3599 praeiret:
1128 3527 1216 3576 neve

249 3625 372 3722 “quis
401 3628 527 3697 slamen
559 3645 616 3695 aut
650 3648 760 3720 augur
794 3623 827 3693 in
858 3623 974 3693 Iocum
1002 3622 1213 3712 Germanici,

249 3746 354 3818 “nisr
389 3744 497 3843 gentis
528 3744 643 3839 Juiiae,
677 3743 883 3815 crearetur.”
950 3745 1064 3813 Arcus
1108 3741 1215 3814 additi

249 3871 390 3953 Romae,
421 3869 454 3937 ὃ(
479 3866 572 3961 apud
599 3864 707 3959 ripam
725 3861 856 3951 Rheni,
881 3861 966 3933 &in
981 3879 1099 3933 monte
1111 3860 1215 3955 Syriae

252 3994 406 4074 Aman0,
451 4011 532 4059 cum
559 3981 780 4079 inscriptione
803 4006 916 4054 rerum
948 3980 1133 4076 gestarum,
1174 4007 1214 4058 ac
1316 4029 1318 4033 ν

701 4102 779 4174 K2
