2986 5138
474 589 778 658 Anunnrunr
819 585 932 699 [υ.
957 587 1004 657 ΙΙ.
1183 589 1226 681 87

254 759 394 831 noctem
416 780 537 830 cruore
561 757 710 830 hostium
734 755 857 830 satiatae
880 755 975 829 sunt:
1002 757 1132 855 equites
1154 783 1228 830 am·

255 875 363 973 bigne
376 877 561 949 certavere.

303 995 424 1067 XXII.
441 998 654 1067 Launnrts
670 1020 733 1090 pro
750 992 920 1067 concione
936 993 1139 1082 victoribus,
1152 996 1228 1066 Cae·

254 1111 305 1187 sar
329 1113 530 1207 congeriem
552 1139 729 1186 armorum
753 1111 890 1200 stmxit,
913 1111 1063 1207 superbo
1084 1138 1165 1185 cum
1187 1113 1229 1185 ti-

255 1235 353 1307 tulo:
389 1257 637 1305 uannnnnrts
666 1257 790 1304 mann
821 1255 989 1302 nuruum
1014 1254 1228 1316 Annamatia

256 1376 504 1424 narronrnus
530 1375 766 1423 nxnnctrom
792 1375 948 1423 rrnrnrr
976 1372 1149 1422 cansanrs
1178 1373 1229 1421 aa

256 1495 507 1544 nromnrnurn
532 1494 662 1541 Mnnrt
693 1495 740 1541 nr
767 1494 853 1562 Jovt
887 1495 934 1542 nr
959 1492 1140 1540 noousro
1168 1491 1230 1538 sn-

257 1615 472 1663 cnnvrssn:
503 1590 547 1661 de
563 1586 596 1660 se
613 1587 698 1660 nihil
716 1587 862 1676 addidit,
889 1608 985 1660 metu
1003 1585 1157 1675 invidiae,
1187 1609 1232 1657 an

256 1728 347 1781 ratus
369 1707 613 1781 conscientiam
637 1704 735 1778 factis
757 1704 833 1777 satis
854 1708 931 1779 effe.
981 1709 1076 1779 Mox
1098 1707 1231 1778 bellum

256 1828 293 1900 in
323 1825 553 1925 Angrivarios
581 1824 744 1897 Stertinio
771 1827 925 1913 mandat,
956 1825 991 1897 ni
1019 1824 1234 1897 deditionem

257 1945 553 2044 properaviffent:
585 1963 690 2041 atque
716 1944 766 2015 iili
795 1943 978 2040 supplices,
1008 1944 1094 2017 nihil
1122 1946 1232 2018 abnu-

255 2066 361 2154 endo,
380 2063 518 2136 veniam
536 2062 696 2136 omnium
714 2066 891 2160 accepdre.

302 2185 438 2258 XXIII.
463 2185 538 2255 Snn
554 2208 715 2256 AEsrnrn
725 2181 802 2280 jam
818 2183 949 2271 adulta,
962 2182 1142 2281 legionum
1158 2185 1232 2259 aliae

258 2303 379 2377 itinere
411 2303 561 2376 terrestri
594 2303 630 2375 in
664 2302 888 2375 hibernacula
917 2301 1083 2374 remiffae:
1119 2304 1232 2400 plures

258 2420 370 2496 Caesar
386 2425 476 2498 claffi
493 2423 670 2519 impositas
684 2447 745 2518 per
758 2425 890 2494 flumen
908 2420 1076 2494 Amisiam
1092 2425 1233 2496 Oceano

260 2542 403 2616 invexit.
436 2538 493 2616 Ac
510 2541 625 2639 primii
644 2540 821 2637 placidum
839 2563 960 2637 aequor
976 2539 1072 2612 mille
1087 2543 1234 2616 navium

260 2662 362 2736 remis
388 2662 552 2757 strepere,
576 2681 636 2732 aut
664 2659 748 2731 velis
773 2659 930 2755 impelli:
959 2685 1044 2732 mox
1072 2680 1146 2734 atro
1168 2689 1232 2735 nu-

258 2781 359 2855 bium
385 2782 494 2878 globo
517 2776 620 2850 effusa
645 2779 803 2875 grando:
833 2779 932 2849 fimul
955 2778 1057 2852 variis
1078 2781 1235 2878 undique

261 2898 434 2997 procellis,
458 2896 580 2969 incerti
603 2899 726 2970 ductus
749 2895 967 2993 prospedtum
987 2897 1153 2989 adimere,
1182 2927 1234 2973 re-

261 3017 380 3115 gimen
408 3015 602 3112 impedire:
646 3013 811 3113 milesque
840 3015 999 3111 pavidus,
1030 3020 1064 3088 a
1094 3017 1234 3094 casuum

262 3137 366 3210 maris
394 3135 546 3233 ignarus,
586 3137 674 3208 dum
700 3138 815 3208 turbat
841 3156 975 3225 nautas,
1021 3139 1077 3209 vel
1110 3138 1235 3212 intem-

263 3255 395 3354 pestive
414 3253 529 3352 juvat,
564 3254 676 3328 officia
709 3257 932 3351 prudentium
966 3261 1234 3352 corrumpebat:

262 3401 369 3449 omne
392 3374 518 3446 dehinc
541 3375 680 3464 caelum,
716 3379 750 3447 δι
775 3400 870 3448 mare
894 3401 999 3447 omne
1023 3376 1059 3446 in
1084 3376 1236 3448 austrum

262 3497 368 3585 ceffit,
387 3493 448 3591 qui
464 3493 606 3567 tumidis
623 3494 821 3566 Germaniae
837 3493 947 3581 terris,
967 3491 1146 3589 profundis
1162 3521 1236 3568 am-

262 3613 377 3703 nibus,
405 3612 574 3686 immenso
595 3613 744 3686 nubium
759 3615 870 3685 tradtu
887 3612 1035 3701 validus,
1065 3615 1098 3683 ὅτ
1123 3612 1236 3712 rigore

263 3733 367 3807 vicini
400 3731 652 3828 septemtrionis
681 3731 863 3821 horridior,
897 3730 1008 3827 rapuit
1036 3729 1237 3831 disjecitque

263 3876 368 3924 naves
385 3852 420 3923 in
437 3871 554 3947 aperta
568 3850 716 3940 Oceani,
741 3871 799 3923 aut
821 3848 943 3925 insulas
965 3849 1051 3923 saxis
1068 3854 1235 3950 abmptis,

264 3973 320 4044 vel
346 3995 407 4069 per
431 3971 572 4043 occulta
595 3970 685 4040 vada
708 3968 854 4044 infestas.
914 3970 1053 4070 Qubus
1079 3975 1235 4069 paullum

643 4090 678 4160 G
702 4113 727 4181 4
