2986 5138
416 544 722 614 Aunntrun
756 541 949 613 Lrn.VI.
1121 544 1190 638 289

226 716 255 754 “
272 713 377 787 cundi
395 713 504 788 fratris
521 715 751 788 mederetur.'‘
802 712 917 785 Etiam
935 712 970 783 in
986 711 1191 808 Pompeiam

222 832 421 906 Macrinam
438 835 595 907 exsilium
614 833 784 922 statuitur,
810 830 905 928 ctrjus
922 830 1097 918 maritum,
1123 835 1190 901 Ar·

223 950 394 1044 golicum,
424 951 592 1041 socerum,
626 955 820 1041 Laconem,
854 976 874 1022 e
902 949 1110 1046 primoribus
1138 955 1189 1020 A·

222 1068 412 1158 chaeorum,
435 1070 544 1143 Caesar
560 1070 751 1144 adflixerat.
800 1073 900 1169 Pater
923 1092 1064 1165 quoque
1087 1066 1190 1139 inlus-

222 1186 283 1258 tris
316 1213 422 1284 eques
456 1193 651 1278 Romanus,
681 1216 721 1263 ac
752 1189 851 1262 frater
879 1187 1068 1284 praetorius,
1108 1187 1192 1259 clim

223 1307 400 1379 damnatio
416 1307 564 1397 instaret,
599 1309 631 1381 se
647 1309 707 1405 ipsr
725 1307 946 1381 interfecere:
977 1309 1095 1378 datum
1120 1325 1191 1378 erat

223 1426 373 1514 crimini,
401 1426 535 1522 “qubd
561 1429 815 1524 Theophanem
841 1426 1085 1521 Mitylenaeum
1110 1452 1190 1521 pro-

225 1552 377 1617 “avum
407 1572 542 1637 eorum,
577 1547 643 1618 Cn.
668 1551 823 1645 Magnus
850 1546 936 1618 inter
962 1545 1102 1617 intimos
1132 1547 1191 1616 ha-

224 1671 251 1705 “
270 1665 418 1736 buisset:
460 1667 625 1762 quodque
663 1665 827 1739 desunsto
860 1665 1082 1762 Theophani,
1122 1690 1189 1736 cae·

222 1787 249 1822 “
269 1782 364 1853 lestes
382 1784 528 1855 honores
545 1787 670 1856 Graeca
686 1785 840 1858 adulatio
857 1784 1058 1857 tribuerat.''

282 1903 385 1973 XIX.
421 1904 517 1974 Posr
548 1928 634 1998 quos
658 1906 738 1975 Sex.
762 1903 908 1991 Marius,
944 1901 1189 1998 Hispaniarum

221 2019 413 2108 ditissimus,
444 2020 593 2092 defertur
618 2021 830 2094 “incestasse
863 2021 1010 2108 liliam,''
1042 2027 1075 2093 ὃς
1108 2020 1190 2094 saxo

221 2138 374 2234 Tarpeio
388 2137 561 2236 dejicitur:
592 2167 632 2213 ac
651 2166 694 2213 ne
710 2142 859 2214 dubium
876 2144 1070 2228 haberetur,
1088 2165 1188 2237 mag-

221 2257 415 2331 nitudinem
432 2259 586 2354 pecuniae
604 2262 697 2332 malo
716 2260 863 2349 vertisse,
883 2258 1091 2355 aurariasque
1104 2256 1188 2354 ejus,

221 2402 435 2474 quamquam
454 2379 725 2475 publicarentur,
751 2378 883 2451 sibimet
907 2378 1068 2451 Tiberius
1093 2377 1190 2473 sepo·

219 2496 295 2569 suit.
345 2497 573 2596 inritatusque
591 2496 775 2595 suppliciis,
799 2499 955 2586 cunstos,
985 2496 1044 2592 qui
1057 2522 1191 2570 carcere

220 2615 469 2704 attinebantur,
493 2615 638 2689 accusati
667 2616 832 2690 societatis
859 2642 940 2689 cum
965 2614 1100 2712 Sejan0,
1131 2642 1191 2689 ne-

222 2733 291 2806 cari
308 2732 419 2830 jubet.
457 2734 571 2827 Jacuit
590 2733 757 2807 immensa
771 2737 921 2831 strages:
946 2735 1059 2807 omnis
1076 2735 1189 2826 sexus,

222 2849 336 2921 omnis
373 2871 478 2922 aetas:
512 2852 682 2941 inlustres,
720 2853 912 2951 ignobiles:
952 2853 1100 2949 dispersi,
1132 2875 1192 2927 aut

221 2967 402 3065 aggerati:
434 2993 547 3065 neque
565 2971 777 3066 propinquis,
803 2994 862 3044 aut
886 2973 1006 3044 amicis
1023 2974 1191 3064 adsistere,

222 3087 449 3176 inlacrimare,
481 3113 525 3160 ne
553 3087 659 3161 visere
692 3081 835 3186 quidem
864 3090 992 3164 diutius
1020 3091 1164 3163 dabatur
1178 3121 1190 3178 ;

220 3205 278 3279 sed
296 3204 507 3302 circumjeeh
525 3207 696 3298 custodes,
730 3208 810 3280 &in
829 3235 1011 3282 maerorem
1028 3207 1193 3306 cujusque

220 3324 355 3413 intenti,
383 3351 530 3421 corpora
546 3326 732 3423 putrefacta
748 3326 1020 3416 adseslabantur,
1047 3329 1134 3399 dum
1156 3329 1193 3401 in

219 3443 379 3517 Tiberim
404 3446 639 3518 traherentur:
669 3444 730 3518 ubi
747 3445 928 3534 fluitantia,
958 3467 1016 3517 aut
1033 3446 1114 3542 ripis
1130 3447 1191 3519 ad-

221 3562 330 3660 pulsa,
366 3589 438 3635 non
472 3588 624 3636 cremare
653 3562 848 3662 quisquam,
878 3590 947 3636 non
976 3565 1192 3663 contingere.

221 3684 442 3756 Interciderat
469 3681 567 3755 sortis
594 3685 754 3755 humanae
784 3682 1036 3755 commercium
1059 3685 1094 3755 vi
1118 3710 1191 3756 me-

222 3804 303 3887 tlrs3
328 3806 570 3900 quantumque
595 3800 721 3875 saevitia
747 3800 914 3900 glisceret,
946 3800 1116 3876 miseratio
1139 3829 1193 3876 ar-

223 3923 374 3996 cebatur.

695 4042 733 4112 U
