2986 5138
425 552 733 625 Arruntium
767 553 875 625 Lrs.
909 554 954 627 ΙΙ.
1086 583 1147 630 111

181 723 227 797 lia
242 723 408 823 insignia:
433 727 531 822 quod
543 724 693 798 Camillo
708 728 754 798 ob
771 724 973 799 modestiam
989 724 1069 799 vitae
1086 726 1153 800 im·

181 844 274 940 pune
291 841 367 916 fuit.

228 963 328 1035 LIII.
352 964 530 1048 Summus
544 988 655 1035 annus
668 962 853 1035 Tiberium
865 963 981 1053 tertio,
1005 968 1151 1041 Germa-

179 1080 298 1154 nictnn
316 1081 441 1155 iterum
465 1078 620 1154 consules
641 1081 779 1155 habuit:
805 1080 862 1153 sed
887 1107 969 1155 eum
985 1085 1151 1158 honorem

180 1200 409 1274 Germanicus
428 1200 502 1272 iniit
519 1202 613 1296 apud
630 1204 755 1274 urbem
773 1200 914 1273 Achaiae
931 1200 1150 1298 Nicopolim,

180 1320 252 1417 qui>
266 1342 406 1393 venerat
420 1344 480 1416 per
495 1319 671 1414 Illyricam
692 1346 803 1408 oram,
828 1318 901 1392 viso
925 1318 1024 1394 fratre
1039 1323 1151 1397 Druso

177 1438 214 1511 in
232 1440 406 1513 Dalmatia
422 1459 560 1537 agente,
586 1438 755 1512 Adriatici
771 1464 810 1512 ac
836 1465 921 1510 mox
938 1440 1025 1511 Ionii
1049 1443 1150 1517 maris

178 1557 359 1632 adversam
384 1558 646 1656 navigationem
663 1560 848 1654 perpeffus.
898 1559 1009 1656 Igitur
1021 1587 1150 1657 paucos

177 1676 249 1750 dies
261 1677 435 1775 insumpsit
449 1678 641 1751 reficiendae
654 1679 744 1750 clalh
758 1706 766 1748 :
794 1680 891 1750 simul
907 1683 993 1753 smus
1006 1678 1151 1753 Aeliae&

177 1797 320 1872 viclorirl
340 1797 489 1888 inclitos,
520 1794 714 1871 &sacratas
740 1800 785 1870 ab
809 1798 970 1894 Augusto
992 1799 1149 1871 manubi-

176 1943 227 2006 as,
256 1918 429 2014 castraque
450 1917 596 1989 Antonii
619 1942 703 1989 cum
723 1916 958 1989 recordatione
980 1916 1150 2014 majomm

175 2035 315 2110 suorum
330 2036 433 2109 adiit:
463 2062 616 2134 namque
632 2036 677 2125 ei,
703 2056 742 2108 ut
758 2034 965 2124 memoravi,
993 2060 1148 2109 avuncu-

174 2155 227 2228 lus
257 2155 452 2254 Augustus,
481 2182 565 2229 avus
599 2155 775 2228 Antonius
805 2174 923 2242 erant,
951 2179 1149 2252 magnaque

173 2274 243 2348 illic
266 2275 386 2372 imago
408 2275 556 2348 tristium
581 2276 825 2371 laetorumque.
878 2272 977 2348 Hinc
1003 2294 1149 2347 ventum

173 2395 342 2483 Athenas,
361 2393 554 2491 foederique
570 2394 715 2469 sociae&
739 2394 881 2468 vetustae
898 2394 991 2467 urbis
1012 2395 1147 2484 datum,

172 2533 211 2588 ut
229 2540 300 2587 uno
322 2512 443 2587 lictore
464 2534 624 2587 uteretur.
675 2517 857 2612 Excepere
879 2513 996 2587 Graeci
1021 2517 1144 2610 quaest-

172 2632 304 2706 tiffimis
326 2633 531 2724 honoribus,
555 2655 671 2708 vetera
693 2633 830 2709 suorum
861 2634 951 2708 facta
984 2633 1148 2731 didicique

172 2749 402 2848 praeferentes,
417 2752 488 2849 qud
500 2755 577 2849 plus
592 2753 803 2852 dignationis
819 2754 972 2828 adulatio
989 2755 1147 2828 haberet.

219 2874 315 2943 LIV.
346 2874 505 2944 Purrrn
525 2872 605 2946 inde
629 2876 779 2962 Euboea,
805 2873 947 2946 tramisit
970 2875 1141 2963 Lesbum,

170 2989 232 3064 ubi
248 2990 448 3089 Agrippina
461 2991 641 3065 noviffimo
657 3012 757 3088 partu
773 2992 903 3087 Juliam
920 2990 1047 3066 edidit:
1070 3013 1148 3066 tum
1189 3014 1193 3023 '

170 3131 325 3184 extrema
338 3114 443 3201 Afiae,
471 3111 747 3208 Perinthumque
759 3137 800 3184 ac
814 3109 1020 3206 Byzantium
1032 3113 1145 3184 Thra·

169 3229 237 3319 cias
255 3233 372 3320 urbes,
400 3255 487 3302 mox
503 3231 726 3327 Propontidis
742 3229 929 3328 angustias,
956 3233 1040 3303 &os
1052 3233 1145 3302 Pon-
1167 3264 1169 3269 v

170 3349 281 3423 ticum
293 3349 410 3439 intrat,
435 3348 601 3445 cupidine
621 3369 753 3423 veteres
771 3351 880 3438 locos,
907 3349 1145 3422 &fambcele-

172 3471 287 3543 bratos
321 3468 507 3542 noscendi:
549 3470 742 3566 pariterque
775 3467 970 3565 provincias
1005 3468 1147 3544 internis

169 3589 427 3678 certaminibus,
449 3610 508 3664 aut
535 3589 799 3688 magistratuum
828 3587 959 3687 injuriis
979 3589 1074 3663 fellas
1094 3617 1145 3664 re·

171 3706 332 3782 fovebat:
364 3729 468 3806 atque
489 3709 590 3782 illum
614 3710 649 3782 in
676 3710 824 3807 regreffu
840 3707 932 3783 sacra
947 3711 1142 3782 Samothra-

167 3853 249 3901 cum
281 3827 387 3902 visere
418 3828 600 3918 nitentem,
643 3827 739 3900 obvii
765 3826 943 3924 aquilones
971 3829 1145 3925 depulere.

166 3947 276 4045 Igitur
293 3948 371 4040 Ilio,
399 3971 549 4046 quaeque
564 3947 614 4023 ibi
630 3946 790 4023 varietate
814 3945 976 4038 fortunae,
1007 3951 1040 4021 &
1067 3946 1144 4022 nos·
