2940 5146
380 547 450 624 3¹2
604 520 1178 600 OConunerrTacrrr

377 716 564 788 verterent,
589 700 784 771 metuebat:
809 696 941 796 quippe
963 697 1012 771 illi
1039 724 1112 772 non
1130 698 1278 795 perinde
1294 724 1366 778 cu·

376 845 423 894 rae
460 816 569 917 gratia
594 816 824 914 presentium,
843 816 950 914 quam
967 817 1003 890 in
1021 818 1173 915 posteros
1194 822 1367 898 ambitio·

378 941 473 1012 Mox
490 937 640 1012 incertus
656 937 776 1026 animi,
794 936 878 1010 sesso
894 963 1051 1034 corpore,
1074 938 1272 1030 confilium,
1297 943 1366 1016 cui

379 1055 494 1155 impar
515 1076 600 1146 erat,
621 1054 693 1130 sato
717 1056 892 1153 permisit:
910 1054 1012 1154 justis
1041 1078 1158 1130 tamen
1189 1060 1362 1153 vocibus,

379 1201 443 1274 per
460 1201 546 1275 quas
562 1174 809 1274 intelligeretur
825 1176 992 1272 providus
1007 1174 1215 1250 futurorum.
1238 1181 1362 1255 Narn-

380 1321 451 1393 que
466 1294 646 1385 Macroni,
664 1321 737 1369 non
752 1296 871 1369 abditi
890 1297 1052 1393 ambage,
1079 1295 1361 1377 “Occidentem

381 1416 472 1489 “ab
504 1438 547 1487 eo
576 1413 697 1499 deseri,
722 1414 903 1489 Orientem
925 1413 1092 1512 speclari’'
1116 1420 1360 1513 exprobravit.
1461 1469 1467 1507 r

381 1532 430 1607 Et
444 1535 487 1606 C.
504 1530 642 1624 Caesari,
668 1532 756 1606 sorte
780 1554 858 1607 orto
881 1533 1051 1623 sermone,
1074 1534 1122 1608 L.
1144 1536 1277 1610 Sullam
1298 1538 1357 1612 in-

380 1653 521 1745 ridenti,
548 1653 710 1727 “omnia
732 1655 834 1728 Sullae
852 1654 948 1744 vitia,
975 1659 1009 1728 δι
1038 1655 1172 1728 nullam
1198 1654 1356 1754 ejusdem

381 1773 596 1848 “virtutem
623 1773 849 1848 habiturum’'
876 1772 1064 1872 praedixit:
1096 1777 1194 1850 simul
1218 1780 1355 1853 crebris

381 1919 465 1968 cum
481 1893 632 1968 lacrimis
650 1892 824 1967 minorem
848 1918 893 1966 ex
916 1893 1101 1990 nepotibus
1127 1898 1352 1993 complexus,

380 2013 472 2089 truci
498 2013 638 2088 alterius
664 2014 788 2088 vultu:
817 2021 844 2057 “
861 2013 998 2087 occides
1013 2015 1107 2088 hunc
1122 2017 1202 2106 tu,’'
1223 2016 1353 2116 inquit,

383 2141 411 2178 “
430 2139 464 2210 bt
481 2153 517 2208 te
531 2133 656 2208 alius.'’
703 2135 771 2208 Sed
788 2132 1002 2232 gravescente
1029 2134 1240 2226 valetudine,
1263 2138 1354 2214 nihil

382 2281 404 2329 e
426 2254 627 2329 libidinibus
648 2254 845 2343 omittebat,
868 2253 905 2326 in
921 2253 1082 2351 patientis
1098 2255 1355 2335 firmitudinem

381 2376 567 2458 finiulans3
602 2371 785 2469 solitusque
822 2374 959 2447 eludere
1000 2373 1217 2450 medicorum
1245 2399 1353 2470 artes,

381 2513 489 2593 atque
505 2517 579 2581 eos,
604 2491 664 2588 qui
681 2490 759 2586 post
781 2489 990 2566 tricesrmum
1007 2493 1112 2566 aetatis
1134 2517 1281 2585 annum,
1304 2499 1354 2573 ad

382 2607 642 2687 internoscenda
664 2608 799 2705 corpori
817 2608 876 2683 suo
897 2611 1009 2702 utilia,
1031 2614 1089 2686 vel
1110 2613 1227 2706 noxia,
1247 2615 1354 2692 alieni

380 2730 511 2807 consilii
535 2727 742 2825 indigerent.

429 2851 580 2926 XLVII.
621 2850 797 2921 lurnnrnr
827 2853 954 2923 Romae
987 2850 1106 2925 suttuis
1135 2853 1239 2926 etiam
1273 2856 1351 2951 post

378 2971 563 3047 Tiberium
579 2967 732 3042 caedibus
748 2966 875 3041 semina
884 2967 1112 3064 jaciebantur.
1129 2972 1261 3046 Laelius
1273 2977 1352 3049 Bal·

381 3099 448 3169 bus
473 3088 653 3177 Acutiam,
670 3089 710 3159 P.
732 3087 863 3160 Vitellii
881 3092 1058 3187 quondam
1087 3119 1246 3185 uxorem,
1276 3122 1352 3169 ma·

375 3210 506 3313 jestatis
522 3207 774 3306 postulaverat:
806 3211 875 3305 qul
900 3210 1075 3301 damnatl,
1103 3214 1184 3287 cum
1210 3216 1352 3311 praemi·

381 3360 444 3407 urn
472 3325 657 3402 accusatori
683 3327 936 3420 decerneretur,
965 3332 1089 3425 Junius
1104 3335 1216 3423 Otho,
1241 3335 1352 3409 tribu·

380 3477 444 3526 nus
462 3445 588 3545 plebei,
602 3444 804 3519 intercessit:
831 3450 925 3523 unde
942 3449 1008 3524 illis
1025 3453 1119 3543 odia,
1137 3480 1222 3527 mox
1235 3457 1351 3528 Otho-

380 3571 418 3645 ni
439 3566 607 3641 exsrliurn.
656 3565 750 3638 Dein
781 3569 973 3642 multorum
1003 3572 1176 3647 amoribus
1222 3572 1353 3648 famosa

382 3685 574 3773 Albucilla,
601 3683 657 3758 cui
676 3685 938 3761 matrimonium
954 3714 1037 3763 cum
1054 3692 1162 3765 Satrio
1174 3693 1349 3782 secundo,

381 3803 624 3904 conjurationis
668 3805 796 3896 indice,
824 3805 947 3899 fuerat,
980 3807 1132 3884 defertur
1161 3809 1351 3906 impietatis

382 3924 653 4024 inPrinciperut
672 3927 964 4002 connectebantur
981 3948 1019 4002 ut
1035 3929 1177 4023 conscii,
1196 3935 1228 4007 δι
1246 3930 1352 4008 adul-
