2986 5138
246 589 292 662 34
435 563 785 635 ceonnam
819 561 1025 633 Taciti

245 761 326 832 pam
356 735 472 823 vertit,
500 736 538 806 a
567 743 594 777 “
620 736 740 832 siquis
762 735 902 832 agmine
925 732 1124 819 deceffiffet,
1150 752 1214 827 pro

245 851 462 925 “desertore
492 851 589 924 sore'’
618 853 809 942 clamitans,
843 851 981 925 reduxit
1007 850 1043 921 in
1071 849 1216 924 hiberna

244 973 416 1060 turbidos,
448 976 481 1044 δι
500 972 584 1043 nihil
600 971 706 1044 ausos.

294 1092 467 1163 XXXIX.
495 1091 673 1163 lucanas
691 1091 794 1188 legati
811 1094 856 1165 ab
872 1090 1003 1180 senatu,
1025 1088 1216 1185 regressum

238 1209 313 1307 jam
341 1210 435 1304 apud
461 1213 571 1280 Aram
597 1208 774 1282 Ubiorum
799 1208 1048 1282 Germanicum
1075 1207 1215 1278 adeunt.

246 1332 339 1403 Duae
363 1327 409 1399 ibi
434 1326 599 1423 legiones,
626 1327 738 1426 prima
762 1348 866 1424 atque
888 1326 1060 1415 vicesima,
1085 1345 1216 1398 vetera-

244 1448 349 1543 nique
363 1470 473 1540 nuper
491 1445 576 1516 miffi
591 1443 652 1517 sub
667 1445 795 1516 vexillo
808 1445 1017 1518 hiemabant.
1065 1445 1218 1517 Pavidos

246 1571 280 1637 δι
304 1562 507 1635 conscientia
532 1563 697 1634 vecordes
718 1562 822 1635 intrat
847 1585 974 1653 metus,
1001 1565 1129 1638 venille
1154 1590 1216 1659 pa-

245 1704 339 1755 trum
346 1681 452 1778 juffu,
478 1681 538 1777 qui
555 1681 646 1753 irrita
659 1679 822 1772 facerent,
848 1706 929 1780 quae
940 1708 1002 1779 per
1015 1682 1216 1755 seditionem

247 1802 494 1896 expresserant:
532 1820 639 1896 utque
672 1826 747 1872 mos
779 1803 901 1898 vulgo,
937 1801 1096 1896 quamvis
1127 1796 1215 1871 falfis

246 1947 345 1994 reum
382 1918 540 2009 subdere,
592 1918 794 1992 Munatium
831 1920 1000 1993 Plancum
1037 1915 1214 1990 consulatu

246 2037 418 2128 sundlum,
446 2038 636 2133 principem
660 2037 854 2135 legationis,
873 2038 1050 2133 austorem
1067 2032 1214 2107 senatus-

247 2157 390 2232 consulti
413 2157 582 2230 incusant:
607 2156 644 2226 &
669 2159 770 2229 nosle
793 2155 962 2239 concubia
984 2152 1154 2227 vexillum
1179 2152 1215 2224 in

247 2275 357 2347 domo
385 2274 582 2346 Germanici
600 2279 708 2347 ‚fitum
732 2273 886 2371 flagitare
908 2272 1100 2370 occipiunt:
1130 2298 1214 2345 con-

248 2392 416 2488 cursuque
442 2395 485 2463 ad
503 2392 646 2489 januam
670 2391 773 2481 fastu,
800 2391 988 2465 moliuntur
1013 2389 1126 2464 fores:
1153 2416 1214 2463 ex-

248 2512 395 2581 tradum
410 2509 514 2581 cubili
531 2508 713 2600 Caesarem,
732 2512 866 2584 tradere
882 2509 1063 2600 vexillum,
1081 2510 1215 2582 intento

248 2627 369 2700 mortis
386 2648 494 2717 metu,
513 2626 697 2725 subigunt:
718 2655 803 2701 mox
816 2629 897 2727 vagi
910 2654 971 2726 per
986 2628 1071 2719 vias,
1094 2629 1217 2703 obvios

248 2746 400 2817 habuere
428 2747 572 2843 legatos,
606 2747 722 2819 audita
747 2748 1034 2840 consternatione,
1060 2750 1102 2820 ad
1129 2751 1201 2821 Ger

249 2865 425 2937 manicum
456 2868 652 2938 tendentes:
682 2867 845 2964 ingerunt
873 2868 1116 2952 contumelias;
1151 2894 1217 2940 cae-

248 2985 331 3056 dem
351 3005 483 3079 parant,
508 2987 636 3057 Planco
659 2985 826 3072 maxime,
850 3011 955 3081 quem
971 2986 1121 3083 dignitas
1136 2986 1220 3084 suga

249 3101 496 3197 impediverat:
526 3130 638 3200 neque
665 3104 758 3175 aliud
788 3103 991 3200 periclitanti
1016 3105 1217 3194 subsidium,

249 3223 358 3318 quam
374 3222 480 3294 castra
496 3223 617 3318 primae
633 3222 796 3320 legionis:
822 3223 891 3295 illic
907 3228 1001 3321 signa
1017 3227 1050 3294 ἃ
1066 3224 1218 3320 aquilam

248 3343 445 3438 amplexus,
472 3342 636 3439 religione
649 3341 714 3414 sese
729 3345 921 3415 tutabatur:
946 3369 984 3415 ac
1007 3342 1041 3414 ni
1061 3343 1220 3439 aquilifer

249 3461 458 3558 Calpurnius
475 3462 548 3533 vim
574 3484 765 3535 extremam
782 3462 951 3550 arcuisset,
976 3487 1092 3534 rarum
1114 3461 1222 3534 etiam

249 3580 337 3652 inter
354 3581 480 3671 hostes,
509 3582 642 3678 legatus
664 3580 784 3677 populi
800 3579 968 3669 Romani,
996 3579 1166 3652 Romanis
1182 3581 1219 3653 in

251 3699 379 3789 castris,
415 3697 577 3793 sanguine
606 3697 666 3771 suo
696 3697 814 3773 altaria
846 3699 953 3771 delnn
985 3701 1219 3773 commacula-

252 3816 359 3887 viffet.
409 3818 508 3888 Luce
535 3816 694 3904 demum,
720 3816 902 3913 postquam
926 3817 1015 3905 duat,
1046 3821 1080 3889 &
1105 3818 1218 3907 miles,

252 3935 286 4004 δι
303 3930 391 4004 saeta
406 3932 646 4025 noscebantur,
670 3933 836 4032 ingressus
851 3934 956 4010 castra
977 3935 1218 4027 Germanicus,
