2986 5138
475 583 781 650 Auunarun
815 580 995 652 Lvul÷
1175 600 1219 677 55

294 747 410 824 LXV.
448 755 536 824 Nox
554 778 613 847 per
629 751 759 822 diversa
776 751 909 847 inquies
930 779 938 820 :
974 750 1054 822 cum
1083 752 1217 822 barbari

255 866 343 942 festis
361 869 481 965 epulis,
500 874 577 942 laeto
594 892 708 958 cantu,
742 890 800 940 aut
829 870 913 941 truci
935 867 1055 940 sonore
1072 866 1219 963 subjesla

256 989 399 1060 vallium
423 1014 462 1059 ac
492 988 687 1060 resultantes
725 986 824 1058 saltus
842 987 1052 1081 complerent
1067 1015 1077 1071 ;
1126 989 1219 1082 apud

254 1110 432 1178 Romanos
450 1105 589 1176 invalidi
606 1105 715 1202 ignes,
750 1105 942 1199 interrupta:
965 1127 1081 1192 voces,
1120 1124 1221 1199 atque

257 1224 317 1318 ipsi
337 1227 453 1319 passim
471 1221 660 1318 adjacerent
687 1224 793 1308 val10,
829 1223 1028 1293 oberrarent
1056 1221 1222 1311 tentoriis,

255 1342 423 1413 insomnes
441 1341 550 1437 magis
567 1343 672 1436 quam
692 1338 887 1435 pervigiles.
929 1341 1137 1435 Ducemque
1153 1361 1219 1411 ter-

256 1459 323 1530 ruit
338 1460 412 1530 dira
429 1459 541 1555 quies:
569 1485 649 1529 nam
666 1458 893 1553 Qinslilium
914 1461 1044 1528 Varum
1061 1457 1223 1555 sanguine

256 1578 417 1665 oblitum,
445 1583 477 1648 ὅ(
496 1578 675 1672 paludibus
693 1575 873 1664 emersum,
900 1600 1036 1646 cernere
1055 1578 1222 1649 &audire

255 1694 342 1766 visus
360 1696 418 1783 est,
446 1697 539 1766 velut
566 1717 761 1781 vocantem,
788 1720 858 1765 non
886 1716 1000 1766 tamen
1027 1694 1218 1786 obsecutus,

257 1820 289 1886 ἃ
323 1839 465 1885 manum
498 1813 704 1884 intendentis
743 1811 909 1908 repulisse.
975 1812 1098 1908 Coeptl
1131 1816 1221 1903 luce,

257 1932 360 2003 millae
394 1932 430 2003 in
463 1935 566 2002 latera
598 1931 749 2027 legiones
781 1951 890 2017 metu,
917 1956 960 2001 an
993 1932 1221 2022 contumacis,

258 2053 373 2123 locum
398 2049 596 2121 deserusre:
626 2070 727 2144 capto
750 2049 892 2143 propere
910 2073 1048 2145 camp0,
1076 2050 1223 2121 humen·

255 2169 301 2240 tia
331 2171 429 2239 ultra.
478 2170 604 2263 Neque
634 2189 750 2238 tamen
784 2167 976 2255 Arminim,
1012 2189 1224 2262 quamquam

255 2288 362 2358 libero
396 2285 543 2374 incursu,
580 2285 692 2356 statim
726 2285 901 2380 prorupit:
940 2283 996 2355 sed
1028 2306 1067 2356 ut
1098 2283 1223 2357 haessre

258 2429 358 2478 coeno
374 2403 530 2499 fossisque
557 2402 819 2497 impedimenta,
845 2403 971 2475 turbati
999 2403 1129 2474 circum
1157 2403 1222 2475 mi-

258 2525 345 2610 lites,
371 2523 517 2593 incertus
544 2525 716 2618 signorum
742 2525 842 2610 ord0‚
868 2541 974 2616 utque
998 2521 1057 2591 tali
1081 2522 1116 2593 in
1133 2544 1220 2594 tem·

260 2666 343 2736 pore
371 2640 428 2711 sibi
459 2638 601 2735 quisque
630 2665 808 2734 properus,
848 2646 880 2712 δι
914 2642 1015 2711 lentae
1042 2642 1224 2712 adversum

258 2758 399 2854 imperia
431 2783 540 2846 aures,
577 2758 767 2852 inrumpere
799 2760 991 2829 Germanos
1002 2757 1116 2854 jubet,
1152 2762 1221 2832 cla·

261 2877 397 2962 mirans,
425 2885 450 2964 f‘
471 2879 527 2946 En
541 2878 664 2963 Varus,
693 2878 865 2947 &eodem
882 2876 1004 2947 iterum
1029 2875 1100 2947 sato
1121 2877 1222 2948 vislae

262 3003 287 3036 “
304 2994 453 3089 legiones
469 2996 504 3063 !''
528 2993 636 3066 Simul
653 2995 748 3065 hac:
779 2998 811 3065 ἃ
838 3018 919 3064 cum
944 2993 1081 3065 delcslis
1103 2993 1223 3066 scindit

262 3139 402 3210 agmen,
439 3110 601 3208 equisque
633 3111 784 3183 maxime
815 3114 955 3183 vulnera
986 3111 1133 3206 ingerit:
1174 3114 1223 3185 illi

262 3231 423 3328 sanguine
445 3229 519 3318 suo,
546 3235 578 3302 δι
606 3230 737 3303 lubrico
765 3233 931 3327 paludum
959 3230 1133 3326 lapsantes,
1160 3256 1221 3304 ex-

261 3354 358 3423 cussis
391 3347 578 3420 resloribus
610 3346 762 3444 disjicere
794 3349 930 3436 obvim,
973 3369 1142 3443 proterere
1167 3349 1220 3446 ja-

261 3488 397 3541 centes:
427 3466 590 3563 plurimus
616 3465 705 3538 circa
729 3467 857 3562 aquilas
881 3468 990 3554 labor,
1017 3493 1092 3561 quae
1110 3494 1221 3564 neque

262 3589 445 3660 adversirm
463 3585 539 3657 ferri
563 3584 757 3680 ingruentia
782 3585 862 3671 tela,
888 3610 999 3679 neque
1024 3585 1083 3680 figi
1102 3586 1223 3661 limosl

262 3707 370 3777 humo
403 3725 568 3801 poterant.
616 3701 755 3774 Caecina
792 3705 877 3775 dum
910 3701 1065 3774 sustentat
1097 3706 1219 3794 aciem,

261 3824 396 3895 suffosso
420 3850 510 3919 equo
535 3818 691 3914 delapsus
714 3819 1057 3908 circumveniebatur,
1088 3821 1123 3891 ni
1153 3822 1220 3916 pri-

264 3967 321 4014 ma
341 3940 431 4037 legio
454 3939 518 4012 sese
541 3935 758 4033 opposuisset:
779 3935 872 4033 juvit
896 3939 1043 4011 hostium
1067 3938 1220 4030 aviditas,

716 4057 784 4146 Er
