2986 5138
328 568 399 615 220
553 541 595 612 C.
635 541 881 629 Conuarrr
911 540 1091 613 Tncrrr

328 712 478 811 ginquos
510 712 611 786 saltus
650 718 683 786 &
719 711 847 785 ferocia
871 711 1032 797 servitia3
1070 710 1165 802 cbm,
1205 714 1310 787 velut

326 857 471 905 munere
487 832 608 922 desim,
634 853 700 905 tres
712 832 860 905 biremes
872 832 1036 928 adpulsre
1048 829 1092 902 ad
1108 827 1185 902 usus
1202 856 1308 905 com⁴

328 950 522 1024 meantium
550 950 611 1024 illo
636 951 734 1024 mari.
786 953 833 1022 Et
859 970 928 1022 erat
959 950 1080 1022 iisdem
1103 949 1308 1046 regionibus

327 1069 467 1142 Curtius
484 1070 622 1166 Lupus,
651 1069 813 1167 quaestor,
840 1069 897 1141 cui
922 1067 1100 1165 provincia
1115 1088 1233 1140 vetere
1260 1093 1310 1142 ex

317 1214 428 1274 ,more
445 1190 559 1261 Calles
581 1208 753 1261 evenerat.
803 1190 850 1277 Is,
876 1186 1035 1283 disposita
1059 1184 1307 1259 classiariorum

327 1307 443 1403 copis,
485 1326 698 1404 coeptantem
731 1308 814 1378 cum
841 1304 994 1378 maxime
1029 1302 1307 1401 conjurationem

330 1424 476 1522 disjecit.
524 1423 717 1523 Missusque
734 1453 754 1498 a
774 1423 902 1497 Caesare
929 1423 1071 1520 propere
1094 1423 1218 1511 Staius,
1244 1422 1308 1495 tri·

329 1547 456 1634 bunus,
483 1570 566 1617 cum
583 1544 697 1617 validas
712 1571 833 1633 manu,
859 1545 988 1617 ducem
1005 1541 1131 1640 ipsum,
1148 1544 1181 1612 δι
1195 1565 1307 1636 prox-

330 1663 421 1735 imos
444 1663 597 1735 audaciae
615 1662 653 1734 in
669 1666 806 1736 Urbem
824 1663 942 1751 traxit,
962 1660 1038 1760 jam
1054 1658 1239 1757 trepidam,
1257 1661 1309 1733 ob

331 1782 593 1855 multitudinem
617 1781 843 1872 familiarum,
871 1807 949 1879 quae
970 1777 1134 1879 gliscebat
1155 1777 1307 1852 immen-

331 1901 423 1991 sbm,
450 1901 583 1975 minore
604 1901 641 1974 in
663 1901 739 1974 dies
756 1903 857 1998 plebe
869 1901 1031 1998 ingenuas.

381 2024 552 2095 XXVIII.
588 2025 728 2094 lisunnr
770 2018 982 2108 consulibus,
1019 2017 1231 2092 miseriarum
1263 2045 1307 2094 ac

331 2139 468 2214 saeviriae
483 2142 688 2236 exemplum
703 2159 819 2228 atrox,
844 2163 922 2211 reus
940 2156 1051 2234 pater,
1068 2136 1245 2211 accusator
1262 2141 1306 2212 fr·

332 2260 412 2350 lius,
442 2264 590 2355 (nomen
606 2259 743 2356 utrique
763 2259 884 2331 Vibius
905 2259 1068 2351 Serenus)
1092 2257 1128 2329 in
1152 2255 1308 2332 senatum

333 2378 465 2452 inducti
493 2378 594 2451 sunt:
631 2380 677 2450 ab
699 2376 817 2450 exsilio
842 2377 1019 2464 rebustus,
1045 2374 1245 2474 inluvieque
1265 2402 1308 2451 ac

333 2496 490 2594 squalore
507 2498 648 2584 obfitus,
676 2499 709 2567 ἃ
722 2514 798 2567 tum
816 2498 934 2567 caten&
951 2494 1101 2584 vinslus,
1129 2515 1308 2592 perorante

335 2614 424 2704 filio,
453 2634 557 2711 pater.
606 2617 745 2687 Paratus
762 2612 957 2686 adolescens
974 2613 1092 2687 multis
1113 2614 1307 2705 munditiis,

334 2734 437 2805 alacri
453 2736 567 2822 vultu,
589 2740 616 2775 “
637 2733 777 2805 struslas
793 2731 946 2828 Principi
965 2732 1113 2824 insidias,
1141 2734 1256 2807 missos
1273 2735 1309 2807 in

337 2860 364 2896 “
385 2853 537 2925 Galliam
562 2853 750 2925 concitores
778 2850 900 2940 belli,'’
922 2851 1027 2923 index
1049 2852 1143 2925 idem
1163 2859 1194 2925 ὅ(
1214 2854 1307 2928 testis

332 2973 469 3045 dicebat
482 3002 493 3057 ;
520 2973 806 3068 adnectebatque,
846 2971 1073 3043 “Caecilium
1097 2973 1309 3063 Cornutum,

336 3101 362 3136 “
383 3092 595 3189 praetorium,
623 3091 856 3164 ministravisse
874 3091 1056 3185 pecuniam
1071 3093 1107 3163 :''
1126 3091 1185 3188 qui
1204 3093 1309 3165 taedio

333 3239 510 3300 curarum,
538 3217 571 3284 bt
590 3211 670 3307 quia
691 3211 884 3306 periculum
899 3236 962 3305 pro
976 3210 1082 3282 exitio
1099 3213 1306 3302 habebatur,

336 3353 485 3405 mortem
516 3329 552 3401 in
577 3329 609 3401 se
633 3327 816 3401 festinavit.
866 3334 915 3400 At
944 3332 1064 3401 contra
1093 3355 1183 3421 reus,
1222 3332 1307 3404 nihil

334 3450 482 3524 infrasm
512 3451 644 3538 animo,
673 3447 833 3521 obversus
856 3448 890 3519 in
918 3448 1042 3539 filium,
1071 3472 1210 3546 quatere
1232 3453 1310 3523 vin·

336 3574 427 3660 cula,
456 3575 483 3611 “
502 3594 627 3641 vocare
656 3569 782 3639 ultores
804 3569 900 3657 deos,
928 3590 965 3641 ut
983 3569 1041 3641 fibi
1061 3570 1204 3666 quidem
1230 3573 1307 3643 red·

337 3698 365 3731 “
382 3692 503 3760 derent
527 3687 697 3775 exsilium,
723 3686 784 3757 ubi
812 3689 933 3782 procul
956 3689 1016 3759 tali
1044 3715 1141 3761 more
1164 3711 1307 3793 agerem

336 3816 363 3850 “
382 3808 493 3880 filiurn
544 3826 660 3878 autem
693 3807 903 3904 quandoque
932 3806 1100 3903 supplicia
1127 3806 1308 3906 sequeren-

338 3934 363 3968 “
382 3928 475 3998 tur.'’
533 3924 837 4021 Adscverabatque
869 3927 1134 4003 “innocentem
1173 3930 1309 4002 Cornu-
