2986 5138
397 599 698 669 Arnrrrnn
730 597 910 671 Lrn.11.
1109 627 1174 702 129

209 768 312 843 sextae
329 770 474 869 legionis
490 791 632 868 peteret,
666 772 764 869 quod
792 797 869 846 eam
892 769 1046 844 maxime
1078 775 1179 849 novis

210 889 354 963 consiliis
376 890 538 963 idoneam
563 894 711 982 rebatur,
735 918 755 964 a
776 892 929 965 Pacuvio
950 893 1067 989 legato
1090 919 1177 990 prae·

210 1009 355 1084 venitur.
405 1011 447 1082 Id
463 1011 596 1084 Sentius
612 1010 727 1083 Pisoni
744 1037 805 1109 per
821 1012 931 1084 literas
948 1011 1070 1108 aperit,
1098 1039 1177 1086 mo-

208 1150 337 1228 netque
369 1137 395 1172 “
412 1156 455 1202 ne
483 1130 589 1204 castra
617 1133 888 1227 corruptoribus,
924 1155 967 1202 ne
1003 1131 1178 1227 provinci-

211 1257 239 1292 “
253 1276 311 1322 am
345 1251 438 1323 bello
470 1268 576 1322 tentet
590 1251 626 1321 :⁹³
664 1247 817 1347 qudsque
858 1248 1056 1322 Germanici
1102 1276 1175 1324 me·

208 1394 335 1460 mores,
353 1390 411 1443 aut
428 1368 573 1442 inimicis
588 1365 658 1465 ejus
675 1367 831 1441 adversos
848 1390 1074 1464 cognoverat,
1093 1395 1178 1443 con·

206 1487 322 1577 trabit,
346 1487 623 1587 magnitudinem
645 1487 864 1584 Imperatoris
887 1485 1091 1561 idemtidem
1120 1488 1173 1562 in-

207 1632 342 1705 gerens,
361 1610 395 1679 bc
418 1605 710 1704 “rempublicam
739 1607 840 1679 armis
857 1607 929 1703 peti
944 1607 980 1679 :''
1013 1608 1180 1708 ducitque

207 1727 357 1800 validam
385 1750 544 1815 manum,
568 1731 602 1798 δι
631 1725 754 1822 proelio
787 1746 949 1822 paratam.

254 1849 410 1922 LXXX.
448 1848 534 1919 Nsc
564 1849 671 1935 P1so,
700 1870 914 1944 quamquam
943 1869 1060 1942 coepta
1084 1845 1178 1923 secus

207 1970 390 2056 cadebant,
430 1966 543 2040 omisit
582 1965 742 2038 tutissima
783 1990 802 2038 e
840 1964 1084 2062 praesentibus:
1118 1968 1178 2042 sed

206 2089 382 2161 castellum
398 2086 531 2160 Ciliciae
545 2087 720 2160 munitum
737 2087 946 2176 admodum,
966 2087 1022 2161 cui
1046 2111 1177 2161 nomen

205 2207 397 2298 Celendn's,
427 2225 586 2304 occupat.
636 2208 733 2280 Nam
754 2206 919 2279 admixtis
935 2205 1175 2295 desertoribus,

206 2330 240 2400 δι
266 2327 376 2400 tirone
401 2351 513 2424 nuper
544 2325 749 2423 intercepto,
783 2322 914 2423 suisque
941 2324 1174 2400 &Plancinae

204 2443 363 2540 servitiis,
380 2446 508 2519 auxilia
520 2444 686 2535 Cilicum,
708 2472 786 2544 quae
811 2444 922 2543 reguli
944 2442 1116 2534 miserant,
1139 2444 1178 2517 in

204 2591 388 2640 numerum
405 2564 550 2662 legionis
567 2565 815 2663 composuerat.
867 2563 1114 2662 “Caesarisque
1143 2563 1177 2638 se
1210 2546 1213 2551 ,

205 2692 233 2727 “
250 2687 428 2782 legatum'’
452 2684 639 2757 testabatur
668 2691 695 2726 “
710 2684 901 2780 provincii,
928 2708 1035 2781 quam
1058 2684 1087 2758 is
1115 2687 1176 2758 de·

205 2811 232 2847 ‘⁴
250 2804 362 2893 disset,
386 2803 503 2892 arceri,
532 2828 604 2875 non
621 2827 642 2874 a
658 2802 852 2900 legionibus
879 2806 1015 2897 (eamm
1041 2804 1175 2902 quippe

206 2930 235 2965 “
252 2924 364 2996 accitu
392 2921 532 3015 venire)
567 2920 624 2994 sed
647 2947 668 2994 a
691 2922 822 3012 Sentio,
857 2922 1033 3019 privatum
1054 2925 1175 2996 odium

205 3048 233 3083 “
251 3040 338 3114 salsis
365 3041 566 3114 criminibus
582 3060 746 3138 tegente:
777 3042 996 3114 consisterent
1024 3042 1060 3114 in
1088 3043 1174 3131 acie,

206 3167 234 3203 “
253 3186 324 3233 non
342 3161 543 3259 pugnaturis
561 3161 741 3249 militibus,
768 3160 828 3234 ubi
848 3158 1009 3235 Pisonem
1030 3163 1076 3234 ab
1098 3160 1175 3256 ipsrs

205 3288 232 3323 “
245 3294 408 3376 parentem
424 3281 603 3378 quondam
625 3282 853 3376 appellatum,
871 3278 984 3377 sijure
1000 3298 1174 3376 ageretur,

205 3405 232 3443 “
251 3399 437 3496 potiorem,
464 3403 487 3472 sr
509 3399 625 3488 armis,
650 3424 721 3471 non
743 3396 948 3487 invalidum,
981 3396 1177 3470 vidissent.’'

204 3520 303 3592 Turn
333 3546 396 3617 pro
422 3518 647 3592 munimentis
679 3517 807 3591 castelli
840 3502 1035 3614 manipulos
1064 3516 1175 3614 expli-

202 3660 272 3730 cat,
291 3643 380 3713 colle
396 3640 506 3712 arduo
523 3645 556 3712 δι
573 3640 746 3736 derupto;
772 3664 853 3711 nam
866 3659 977 3712 cetera
994 3636 1079 3709 mari
1102 3635 1176 3707 cin-

204 3781 346 3856 guntur.
396 3759 527 3833 Contra
558 3758 723 3847 veterani,
749 3757 929 3832 ordinibus
950 3784 989 3830 ac
1021 3753 1176 3828 subsidiis

203 3877 379 3952 instructi:
404 3879 485 3953 hinc
503 3879 668 3970 militum,
695 3878 777 3951 inde
804 3881 964 3952 locorum
989 3872 1172 3971 asperitas:

203 3995 261 4072 sed
289 4024 361 4076 non
384 3999 535 4093 animus,
575 4025 646 4075 non
665 3996 754 4096 spes,
794 4023 837 4074 ne
858 3999 927 4074 tela
951 3995 1093 4097 quidem
1116 3991 1175 4069 nist

709 4119 743 4192 K
