2986 5138
276 583 336 632 vm

278 729 409 803 calcem
440 727 575 826 majoris
596 733 630 802 a
648 728 857 821 recentioris,
886 755 964 828 quae
992 753 1134 831 a.1721
1167 757 1248 831 pro-

277 848 353 921 diit.
405 852 536 921 Eorum
553 870 656 947 atque
672 850 774 926 etiam
790 849 893 939 tertii,
915 850 1108 940 Harleiani,
1129 851 1249 925 1εᾶἱο-

274 992 336 1040 nes
352 968 447 1040 dedit
462 968 556 1040 idem
568 969 755 1041 Brotcrius:
784 969 845 1066 qui
862 994 982 1043 omnes
998 969 1111 1044 seculo
1124 971 1249 1067 quinto

276 1087 414 1164 decimo
432 1086 549 1159 medio
566 1086 705 1184 scriptos
723 1087 837 1160 tradit.

321 1204 523 1279 Personatus
559 1207 700 1304 quidam
744 1207 929 1304 Pompeius
970 1211 1248 1306 Lampugnanus

273 1324 376 1398 etiam
395 1326 511 1396 Codicis
535 1326 756 1399 Mirandulani
770 1348 932 1423 excerpta
956 1327 1112 1425 protulit,
1139 1332 1172 1400 ὃς
1201 1328 1247 1400 ad

272 1446 431 1542 Lipsrum
450 1445 688 1542 castigandum
717 1445 862 1518 contulit
886 1445 932 1527 in,
947 1447 1048 1536 libr0,
1077 1445 1134 1518 cui
1163 1445 1244 1518 titu-

272 1565 349 1636 lus:
386 1566 513 1634 Callatio
535 1581 673 1636 notarum
695 1562 735 1651 J.
762 1563 864 1658 Lipsti
886 1565 920 1636 in
946 1565 983 1638 C.
1012 1563 1154 1636 Tacitum
1175 1589 1245 1636 cum

270 1683 353 1753 MS.
373 1684 605 1754 Mirandulano.
647 1684 792 1778 Bergomi
813 1684 915 1755 1602.
934 1686 966 1755 8.
1016 1685 1088 1757 Sub
1110 1707 1152 1755 eo
1179 1709 1243 1755 no-

269 1802 365 1875 mine
380 1805 485 1875 latere
502 1807 613 1900 Marq.
638 1802 804 1873 Freherum
821 1801 942 1897 opinio
957 1801 1029 1887 est·;
1063 1827 1170 1900 quam
1193 1802 1243 1875 se·

269 1922 330 2019 qui
356 1926 389 1994 δε
419 1922 615 2018 Ryckium,
646 1945 690 1993 ex
713 1943 794 1992 nota
816 1922 861 1992 ad
885 1903 937 1993 H.
952 1922 1017 2009 111,
1041 1945 1094 2015 13.
1123 1920 1242 1996 didici.

183 2104 186 2109 ,
267 2043 430 2117 Ceterum
455 2042 593 2137 Lipsius
621 2039 655 2110 in
674 2040 896 2134 Drspunllione
912 2052 1049 2111 notarum
1067 2039 1244 2111 Mirandu-

266 2163 334 2231 lam'
350 2163 467 2231 Codicis
492 2185 522 2230 a.
545 2162 644 2232 1602.
666 2156 771 2246 edita,
797 2155 945 2255 subjesta
971 2158 1097 2232 deinde
1118 2157 1241 2231 editio·

265 2279 368 2350 nibus
401 2277 551 2371 exerrapli
585 2276 752 2371 Lipsrani,
801 2279 897 2348 velut
932 2275 1174 2372 Antverpiensr
1208 2301 1241 2350 a.

270 2399 374 2487 1648.
404 2420 485 2466 eum
501 2395 668 2470 Codicem
685 2416 744 2469 aut
762 2397 899 2471 nullum
920 2397 999 2488 effe,
1028 2416 1089 2470 aut
1114 2397 1241 2469 nullius

265 2513 522 2612 pretiijudicat.

314 2632 476 2705 Videram
494 2633 597 2706 etiam
614 2636 659 2707 ab
675 2637 709 2729 J.
726 2635 900 2732 Schegkio
911 2636 956 2708 ad
967 2636 1088 2709 Vellei.
1113 2664 1149 2735 p.
1168 2661 1240 2734 504

261 2754 317 2832 ed.
334 2756 452 2826 Burm.
483 2755 611 2827 laudari
630 2755 765 2827 Codicem
781 2756 1041 2852 Herbipoletffem,
1070 2757 1130 2852 qui
1158 2758 1239 2830 effer

260 2874 297 2949 in
323 2872 534 2947 Bibliotheca
558 2873 767 2972 Episcopali.
816 2875 951 2971 Itaque,
981 2900 1062 2948 cum
1089 2873 1237 2971 primam

261 2992 450 3071 editionem
469 2996 644 3088 parabam,
663 2991 776 3088 scripsi
789 2992 833 3064 ad
851 2992 1132 3089 aliquem'virum
1149 2995 1235 3068 doc·

259 3131 337 3186 tum
354 3113 388 3184 in
406 3137 445 3183 ea
462 3114 559 3202 urbe,
582 3138 736 3208 quocum
752 3110 883 3208 aliquid
897 3112 1027 3185 notitiae
1044 3111 1129 3185 mihi
1146 3113 1235 3187 olim

260 3233 317 3306 hic
340 3232 461 3319 suerat,
490 3255 644 3328 eumque
660 3232 793 3329 rogavi,
821 3252 860 3304 ut
881 3233 967 3330 quid
985 3231 1125 3306 Codicis
1138 3232 1235 3305 istius

257 3354 352 3442 esset,
380 3348 609 3448 perscriberet,
644 3348 782 3449 ejusque
809 3351 896 3424 mihi
924 3352 1025 3450 copia
1051 3372 1090 3423 ut
1124 3353 1233 3440 fieret,
1360 3362 1366 3369 '

258 3473 447 3568 perficeret.
497 3469 562 3545 sed
579 3469 665 3542 nihil
690 3469 838 3568 responsi
866 3472 942 3544 tuli.
992 3472 1083 3544 Cum
1107 3471 1236 3544 iterum

257 3591 303 3662 ad
320 3590 537 3662 trattandum
563 3609 699 3663 textum
720 3591 945 3679 accedebam,
974 3593 1116 3663 alteram
1142 3591 1232 3663 hane

256 3707 443 3782 editionem
460 3728 652 3797 curaturus,
681 3707 726 3780 ad
752 3707 859 3792 alium
882 3708 996 3780 virum
1024 3709 1166 3783 doctum
1195 3708 1232 3782 in

255 3850 296 3898 ea
308 3824 561 3920 urbe,scrips1;
583 3851 689 3922 quem
706 3829 886 3922 putabam,
905 3827 1030 3901 idonea
1043 3829 1087 3899 de
1099 3830 1226 3917 caussa,

252 3969 327 4021 rem
343 3940 600 4041 suscepturum:
630 3943 726 4049 isque
743 3942 825 4026 fecit
841 3944 972 4037 omnia,
1003 3967 1039 4020 ut
1055 3945 1126 4044 ejus
1144 3947 1223 4021 libri
