<?xml version="1.0" encoding="UTF-8"?>
<!DOCTYPE html PUBLIC "-//W3C//DTD XHTML 1.0 Transitional//EN"
    "http://www.w3.org/TR/xhtml1/DTD/xhtml1-transitional.dtd">
<html xmlns="http://www.w3.org/1999/xhtml" xml:lang="en" lang="en">
 <head>
  <title>
</title>
<meta http-equiv="Content-Type" content="text/html;charset=utf-8" />
  <meta name='ocr-system' content='tesseract 3.04.00' />
  <meta name='ocr-capabilities' content='ocr_page ocr_carea ocr_par ocr_line ocrx_word'/>
</head>
<body>
  <div class='ocr_page' id='page_1' title='image "./ccorneliitaciti03ernegoog_0214.png"; bbox 0 0 2986 5138; ppageno 0'>
   <div class='ocr_carea' id='block_1_1' title="bbox 474 540 1221 642">
    <p class='ocr_par' dir='ltr' id='par_1_1' title="bbox 474 540 1221 642">
     <span class='ocr_line' id='line_1_1' title="bbox 474 540 1221 642; baseline 0.001 -27"><span class='ocrx_word' id='word_1_1' title='bbox 474 544 778 616; x_wconf 72' lang='lat' dir='ltr'>Arruntium</span> <span class='ocrx_word' id='word_1_2' title='bbox 812 542 925 616; x_wconf 82' lang='lat' dir='ltr'>Lra.</span> <span class='ocrx_word' id='word_1_3' title='bbox 957 540 1019 616; x_wconf 86' lang='lat'>111.</span> <span class='ocrx_word' id='word_1_4' title='bbox 1157 561 1221 642; x_wconf 78' lang='lat'>157</span> 
     </span>
    </p>
   </div>
   <div class='ocr_carea' id='block_1_2' title="bbox 256 713 1258 4015">
    <p class='ocr_par' dir='ltr' id='par_1_2' title="bbox 257 713 1258 1402">
     <span class='ocr_line' id='line_1_2' title="bbox 258 713 1226 811; baseline 0.002 -28"><span class='ocrx_word' id='word_1_5' title='bbox 258 714 286 751; x_wconf 89' lang='lat'><strong>“</strong></span> <span class='ocrx_word' id='word_1_6' title='bbox 304 713 373 807; x_wconf 70' lang='lat' dir='ltr'>qua</span> <span class='ocrx_word' id='word_1_7' title='bbox 396 714 603 786; x_wconf 75' lang='lat' dir='ltr'>revertisset:</span> <span class='ocrx_word' id='word_1_8' title='bbox 646 714 752 810; x_wconf 92' lang='lat' dir='ltr'>idque</span> <span class='ocrx_word' id='word_1_9' title='bbox 773 713 850 811; x_wconf 89' lang='lat' dir='ltr'>jure</span> <span class='ocrx_word' id='word_1_10' title='bbox 880 713 1026 800; x_wconf 90' lang='lat' dir='ltr'>licitum,</span> <span class='ocrx_word' id='word_1_11' title='bbox 1050 713 1130 811; x_wconf 90' lang='lat' dir='ltr'>quia</span> <span class='ocrx_word' id='word_1_12' title='bbox 1155 740 1226 786; x_wconf 94' lang='lat' dir='ltr'>non</span> 
     </span>
     <span class='ocr_line' id='line_1_3' title="bbox 257 829 1224 930; baseline 0 -28"><span class='ocrx_word' id='word_1_13' title='bbox 257 836 283 870; x_wconf 92' lang='lat'><strong>“</strong></span> <span class='ocrx_word' id='word_1_14' title='bbox 303 829 601 922; x_wconf 88' lang='lat' dir='ltr'>senatusconsulto,</span> <span class='ocrx_word' id='word_1_15' title='bbox 634 860 706 905; x_wconf 89' lang='lat' dir='ltr'>non</span> <span class='ocrx_word' id='word_1_16' title='bbox 737 835 812 930; x_wconf 90' lang='lat' dir='ltr'>lege</span> <span class='ocrx_word' id='word_1_17' title='bbox 858 831 970 928; x_wconf 85' lang='lat' dir='ltr'>pulsus</span> <span class='ocrx_word' id='word_1_18' title='bbox 1009 831 1115 904; x_wconf 85' lang='lat' dir='ltr'>foret:</span> <span class='ocrx_word' id='word_1_19' title='bbox 1164 832 1224 904; x_wconf 87' lang='lat' dir='ltr'>srbi</span> 
     </span>
     <span class='ocr_line' id='line_1_4' title="bbox 258 948 1258 1048; baseline -0.001 -28"><span class='ocrx_word' id='word_1_20' title='bbox 258 955 419 1022; x_wconf 86' lang='lat' dir='ltr'>“tamen</span> <span class='ocrx_word' id='word_1_21' title='bbox 442 953 604 1024; x_wconf 79' lang='lat' dir='ltr'>adversus</span> <span class='ocrx_word' id='word_1_22' title='bbox 635 978 717 1024; x_wconf 90' lang='lat' dir='ltr'>eum</span> <span class='ocrx_word' id='word_1_23' title='bbox 746 952 893 1048; x_wconf 88' lang='lat' dir='ltr'>integras</span> <span class='ocrx_word' id='word_1_24' title='bbox 920 951 1068 1046; x_wconf 88' lang='lat' dir='ltr'>parentis</span> <span class='ocrx_word' id='word_1_25' title='bbox 1095 948 1144 1020; x_wconf 87' lang='lat' dir='ltr'>sui</span> <span class='ocrx_word' id='word_1_26' title='bbox 1170 950 1222 1020; x_wconf 85' lang='lat' dir='ltr'>of·</span> <span class='ocrx_word' id='word_1_27' title='bbox 1256 959 1258 962; x_wconf 77' lang='grc'>’</span> 
     </span>
     <span class='ocr_line' id='line_1_5' title="bbox 257 1064 1246 1166; baseline 0.005 -29"><span class='ocrx_word' id='word_1_28' title='bbox 257 1073 284 1107; x_wconf 88' lang='grc'><strong>“</strong></span> <span class='ocrx_word' id='word_1_29' title='bbox 302 1064 490 1141; x_wconf 81' lang='lat' dir='ltr'>fenfiones:</span> <span class='ocrx_word' id='word_1_30' title='bbox 523 1096 636 1166; x_wconf 87' lang='lat' dir='ltr'>neque</span> <span class='ocrx_word' id='word_1_31' title='bbox 663 1070 775 1142; x_wconf 91' lang='lat' dir='ltr'>reditu</span> <span class='ocrx_word' id='word_1_32' title='bbox 808 1070 911 1142; x_wconf 89' lang='lat' dir='ltr'>Silani</span> <span class='ocrx_word' id='word_1_33' title='bbox 939 1069 1111 1156; x_wconf 75' lang='lat' dir='ltr'>dissoluta,</span> <span class='ocrx_word' id='word_1_34' title='bbox 1145 1095 1246 1164; x_wconf 69' lang='lat' dir='ltr'>quae,</span> 
     </span>
     <span class='ocr_line' id='line_1_6' title="bbox 258 1188 1223 1284; baseline 0.004 -27"><span class='ocrx_word' id='word_1_35' title='bbox 258 1188 482 1283; x_wconf 84' lang='lat' dir='ltr'>“Augustus</span> <span class='ocrx_word' id='word_1_36' title='bbox 510 1188 705 1260; x_wconf 84' lang='lat' dir='ltr'>voluillet.&#39;’</span> <span class='ocrx_word' id='word_1_37' title='bbox 766 1188 845 1261; x_wconf 85' lang='lat' dir='ltr'>Fuit</span> <span class='ocrx_word' id='word_1_38' title='bbox 880 1188 1020 1284; x_wconf 87' lang='lat' dir='ltr'>posthac</span> <span class='ocrx_word' id='word_1_39' title='bbox 1047 1188 1082 1258; x_wconf 93' lang='lat' dir='ltr'>in</span> <span class='ocrx_word' id='word_1_40' title='bbox 1109 1190 1223 1281; x_wconf 86' lang='lat' dir='ltr'>Urbe,</span> 
     </span>
     <span class='ocr_line' id='line_1_7' title="bbox 257 1307 797 1402; baseline 0.009 -28"><span class='ocrx_word' id='word_1_41' title='bbox 257 1329 370 1400; x_wconf 90' lang='lat' dir='ltr'>neque</span> <span class='ocrx_word' id='word_1_42' title='bbox 394 1307 542 1377; x_wconf 85' lang='lat' dir='ltr'>honores</span> <span class='ocrx_word' id='word_1_43' title='bbox 566 1309 711 1402; x_wconf 88' lang='lat' dir='ltr'>adeptus</span> <span class='ocrx_word' id='word_1_44' title='bbox 737 1307 797 1380; x_wconf 83' lang='lat' dir='ltr'>est.</span> 
     </span>
    </p>

    <p class='ocr_par' dir='ltr' id='par_1_3' title="bbox 256 1425 1226 2816">
     <span class='ocr_line' id='line_1_8' title="bbox 306 1425 1225 1522; baseline 0.005 -27"><span class='ocrx_word' id='word_1_45' title='bbox 306 1426 423 1495; x_wconf 82' lang='lat' dir='ltr'><strong>XXV.</strong></span> <span class='ocrx_word' id='word_1_46' title='bbox 450 1429 654 1498; x_wconf 79' lang='lat' dir='ltr'>Ratnruu</span> <span class='ocrx_word' id='word_1_47' title='bbox 672 1427 797 1499; x_wconf 90' lang='lat' dir='ltr'>deinde</span> <span class='ocrx_word' id='word_1_48' title='bbox 822 1430 867 1498; x_wconf 89' lang='lat' dir='ltr'>de</span> <span class='ocrx_word' id='word_1_49' title='bbox 893 1427 1105 1499; x_wconf 70' lang='lat' dir='ltr'>moderanda</span> <span class='ocrx_word' id='word_1_50' title='bbox 1119 1425 1225 1522; x_wconf 78' lang='lat' dir='ltr'>Papia</span> 
     </span>
     <span class='ocr_line' id='line_1_9' title="bbox 257 1517 1222 1643; baseline 0.006 -31"><span class='ocrx_word' id='word_1_51' title='bbox 257 1517 543 1639; x_wconf 47' lang='lat' dir='ltr'>Poppaefisquam</span> <span class='ocrx_word' id='word_1_52' title='bbox 567 1543 673 1616; x_wconf 88' lang='lat' dir='ltr'>senior</span> <span class='ocrx_word' id='word_1_53' title='bbox 694 1546 874 1643; x_wconf 86' lang='lat' dir='ltr'>Augustus</span> <span class='ocrx_word' id='word_1_54' title='bbox 897 1545 972 1640; x_wconf 89' lang='lat' dir='ltr'>post</span> <span class='ocrx_word' id='word_1_55' title='bbox 997 1544 1104 1638; x_wconf 86' lang='lat' dir='ltr'>Julias</span> <span class='ocrx_word' id='word_1_56' title='bbox 1121 1571 1222 1642; x_wconf 87' lang='lat' dir='ltr'>roga·</span> 
     </span>
     <span class='ocr_line' id='line_1_10' title="bbox 257 1660 1225 1760; baseline 0.007 -30"><span class='ocrx_word' id='word_1_57' title='bbox 257 1661 366 1731; x_wconf 82' lang='lat' dir='ltr'>tiones</span> <span class='ocrx_word' id='word_1_58' title='bbox 384 1660 566 1734; x_wconf 83' lang='lat' dir='ltr'>incitandis</span> <span class='ocrx_word' id='word_1_59' title='bbox 583 1662 746 1735; x_wconf 86' lang='lat' dir='ltr'>caelibum</span> <span class='ocrx_word' id='word_1_60' title='bbox 763 1664 890 1760; x_wconf 86' lang='lat' dir='ltr'>poenis,</span> <span class='ocrx_word' id='word_1_61' title='bbox 909 1668 941 1734; x_wconf 70' lang='grc' dir='ltr'>δι</span> <span class='ocrx_word' id='word_1_62' title='bbox 964 1665 1127 1759; x_wconf 88' lang='lat' dir='ltr'>augendo</span> <span class='ocrx_word' id='word_1_63' title='bbox 1143 1691 1225 1737; x_wconf 86' lang='lat' dir='ltr'>aera·</span> 
     </span>
     <span class='ocr_line' id='line_1_11' title="bbox 256 1776 1225 1880; baseline 0.007 -32"><span class='ocrx_word' id='word_1_64' title='bbox 256 1778 305 1849; x_wconf 91' lang='lat' dir='ltr'>rio</span> <span class='ocrx_word' id='word_1_65' title='bbox 335 1776 513 1851; x_wconf 85' lang='lat' dir='ltr'>sanxerat:</span> <span class='ocrx_word' id='word_1_66' title='bbox 551 1807 613 1853; x_wconf 89' lang='lat' dir='ltr'>nec</span> <span class='ocrx_word' id='word_1_67' title='bbox 648 1781 728 1854; x_wconf 88' lang='lat' dir='ltr'>ideo</span> <span class='ocrx_word' id='word_1_68' title='bbox 757 1781 976 1880; x_wconf 84' lang='lat' dir='ltr'>conjugia&amp;</span> <span class='ocrx_word' id='word_1_69' title='bbox 1005 1782 1225 1855; x_wconf 87' lang='lat' dir='ltr'>educationes</span> 
     </span>
     <span class='ocr_line' id='line_1_12' title="bbox 256 1896 1224 1997; baseline 0.005 -28"><span class='ocrx_word' id='word_1_70' title='bbox 256 1898 403 1969; x_wconf 74' lang='lat' dir='ltr'>liberbm</span> <span class='ocrx_word' id='word_1_71' title='bbox 422 1896 740 1995; x_wconf 84' lang='lat' dir='ltr'>frequentabantur,</span> <span class='ocrx_word' id='word_1_72' title='bbox 760 1901 945 1997; x_wconf 70' lang='lat' dir='ltr'>praevalida</span> <span class='ocrx_word' id='word_1_73' title='bbox 962 1900 1115 1972; x_wconf 83' lang='lat' dir='ltr'>orbitate.</span> <span class='ocrx_word' id='word_1_74' title='bbox 1157 1903 1224 1974; x_wconf 85' lang='lat' dir='ltr'>Ce-</span> 
     </span>
     <span class='ocr_line' id='line_1_13' title="bbox 258 2016 1226 2115; baseline 0.005 -27"><span class='ocrx_word' id='word_1_75' title='bbox 258 2019 371 2090; x_wconf 77' lang='lat' dir='ltr'>terum</span> <span class='ocrx_word' id='word_1_76' title='bbox 405 2018 591 2090; x_wconf 92' lang='lat' dir='ltr'>multitudo</span> <span class='ocrx_word' id='word_1_77' title='bbox 628 2019 892 2115; x_wconf 83' lang='lat' dir='ltr'>periclitantium</span> <span class='ocrx_word' id='word_1_78' title='bbox 933 2016 1109 2115; x_wconf 83' lang='lat' dir='ltr'>gliscebat,</span> <span class='ocrx_word' id='word_1_79' title='bbox 1143 2021 1226 2092; x_wconf 77' lang='lat' dir='ltr'>clim</span> 
     </span>
     <span class='ocr_line' id='line_1_14' title="bbox 257 2136 1224 2235; baseline 0.004 -27"><span class='ocrx_word' id='word_1_80' title='bbox 257 2137 369 2208; x_wconf 91' lang='lat' dir='ltr'>omnis</span> <span class='ocrx_word' id='word_1_81' title='bbox 412 2139 539 2208; x_wconf 92' lang='lat' dir='ltr'>domus</span> <span class='ocrx_word' id='word_1_82' title='bbox 564 2138 758 2210; x_wconf 90' lang='lat' dir='ltr'>delatorum</span> <span class='ocrx_word' id='word_1_83' title='bbox 787 2136 1120 2235; x_wconf 89' lang='lat' dir='ltr'>interpretationibus</span> <span class='ocrx_word' id='word_1_84' title='bbox 1145 2141 1224 2212; x_wconf 90' lang='lat' dir='ltr'>sub-</span> 
     </span>
     <span class='ocr_line' id='line_1_15' title="bbox 257 2256 1224 2353; baseline 0.005 -27"><span class='ocrx_word' id='word_1_85' title='bbox 257 2275 467 2327; x_wconf 88' lang='lat' dir='ltr'>verteretur:</span> <span class='ocrx_word' id='word_1_86' title='bbox 499 2277 608 2352; x_wconf 90' lang='lat' dir='ltr'>utque</span> <span class='ocrx_word' id='word_1_87' title='bbox 637 2259 781 2328; x_wconf 88' lang='lat' dir='ltr'>antehae</span> <span class='ocrx_word' id='word_1_88' title='bbox 809 2256 961 2353; x_wconf 85' lang='lat' dir='ltr'>flagitiis,</span> <span class='ocrx_word' id='word_1_89' title='bbox 992 2257 1038 2327; x_wconf 87' lang='lat' dir='ltr'>ira</span> <span class='ocrx_word' id='word_1_90' title='bbox 1066 2277 1148 2330; x_wconf 87' lang='lat' dir='ltr'>tunc</span> <span class='ocrx_word' id='word_1_91' title='bbox 1176 2260 1224 2331; x_wconf 90' lang='lat' dir='ltr'>le-</span> 
     </span>
     <span class='ocr_line' id='line_1_16' title="bbox 258 2374 1224 2472; baseline 0.005 -28"><span class='ocrx_word' id='word_1_92' title='bbox 258 2374 359 2469; x_wconf 84' lang='lat' dir='ltr'>gibus</span> <span class='ocrx_word' id='word_1_93' title='bbox 376 2376 608 2446; x_wconf 83' lang='lat' dir='ltr'>laborabatur.</span> <span class='ocrx_word' id='word_1_94' title='bbox 660 2378 712 2447; x_wconf 85' lang='lat' dir='ltr'>Ea</span> <span class='ocrx_word' id='word_1_95' title='bbox 729 2399 781 2447; x_wconf 89' lang='lat' dir='ltr'>res</span> <span class='ocrx_word' id='word_1_96' title='bbox 797 2378 975 2463; x_wconf 86' lang='lat' dir='ltr'>admonet,</span> <span class='ocrx_word' id='word_1_97' title='bbox 1002 2396 1041 2447; x_wconf 91' lang='lat' dir='ltr'>ut</span> <span class='ocrx_word' id='word_1_98' title='bbox 1063 2377 1107 2449; x_wconf 88' lang='lat' dir='ltr'>de</span> <span class='ocrx_word' id='word_1_99' title='bbox 1133 2377 1224 2472; x_wconf 93' lang='lat' dir='ltr'>prin-</span> 
     </span>
     <span class='ocr_line' id='line_1_17' title="bbox 258 2491 1225 2590; baseline 0.006 -28"><span class='ocrx_word' id='word_1_100' title='bbox 258 2492 355 2587; x_wconf 89' lang='lat' dir='ltr'>cipiis</span> <span class='ocrx_word' id='word_1_101' title='bbox 373 2491 468 2586; x_wconf 82' lang='lat' dir='ltr'>juris,</span> <span class='ocrx_word' id='word_1_102' title='bbox 501 2493 679 2590; x_wconf 82' lang='lat' dir='ltr'>&amp;quibus</span> <span class='ocrx_word' id='word_1_103' title='bbox 709 2494 821 2566; x_wconf 92' lang='lat' dir='ltr'>modis</span> <span class='ocrx_word' id='word_1_104' title='bbox 848 2494 893 2565; x_wconf 89' lang='lat' dir='ltr'>ad</span> <span class='ocrx_word' id='word_1_105' title='bbox 920 2496 1009 2565; x_wconf 89' lang='lat' dir='ltr'>hanc</span> <span class='ocrx_word' id='word_1_106' title='bbox 1034 2495 1225 2568; x_wconf 92' lang='lat' dir='ltr'>multitudi-</span> 
     </span>
     <span class='ocr_line' id='line_1_18' title="bbox 257 2611 1225 2708; baseline 0.005 -27"><span class='ocrx_word' id='word_1_107' title='bbox 257 2636 338 2682; x_wconf 91' lang='lat' dir='ltr'>nem</span> <span class='ocrx_word' id='word_1_108' title='bbox 369 2611 540 2683; x_wconf 87' lang='lat' dir='ltr'>infinitam</span> <span class='ocrx_word' id='word_1_109' title='bbox 573 2638 613 2683; x_wconf 85' lang='lat' dir='ltr'>ac</span> <span class='ocrx_word' id='word_1_110' title='bbox 639 2611 838 2683; x_wconf 86' lang='lat' dir='ltr'>varietatem</span> <span class='ocrx_word' id='word_1_111' title='bbox 874 2612 994 2708; x_wconf 89' lang='lat' dir='ltr'>legum</span> <span class='ocrx_word' id='word_1_112' title='bbox 1018 2634 1225 2708; x_wconf 88' lang='lat' dir='ltr'>perventum</span> 
     </span>
     <span class='ocr_line' id='line_1_19' title="bbox 260 2729 630 2816; baseline 0.003 -17"><span class='ocrx_word' id='word_1_113' title='bbox 260 2733 310 2816; x_wconf 78' lang='lat' dir='ltr'>stt,</span> <span class='ocrx_word' id='word_1_114' title='bbox 337 2729 436 2800; x_wconf 73' lang='lat' dir='ltr'>altilis</span> <span class='ocrx_word' id='word_1_115' title='bbox 461 2729 630 2802; x_wconf 85' lang='lat' dir='ltr'>differam.</span> 
     </span>
    </p>

    <p class='ocr_par' dir='ltr' id='par_1_4' title="bbox 258 2848 1228 4015">
     <span class='ocr_line' id='line_1_20' title="bbox 323 2848 1224 2940; baseline 0.008 -23"><span class='ocrx_word' id='word_1_116' title='bbox 323 2848 456 2917; x_wconf 90' lang='lat' dir='ltr'><strong>XXVI.</strong></span> <span class='ocrx_word' id='word_1_117' title='bbox 499 2850 780 2921; x_wconf 78' lang='lat' dir='ltr'>Varusnsstut</span> <span class='ocrx_word' id='word_1_118' title='bbox 808 2850 1021 2940; x_wconf 87' lang='lat' dir='ltr'>mortalium,</span> <span class='ocrx_word' id='word_1_119' title='bbox 1049 2853 1142 2924; x_wconf 72' lang='lat' dir='ltr'>nulla</span> <span class='ocrx_word' id='word_1_120' title='bbox 1163 2854 1224 2925; x_wconf 86' lang='lat' dir='ltr'>ad-</span> 
     </span>
     <span class='ocr_line' id='line_1_21' title="bbox 259 2964 1228 3067; baseline 0.007 -31"><span class='ocrx_word' id='word_1_121' title='bbox 259 2968 326 3036; x_wconf 86' lang='lat' dir='ltr'>huc</span> <span class='ocrx_word' id='word_1_122' title='bbox 359 2966 447 3036; x_wconf 63' lang='lat' dir='ltr'>malla</span> <span class='ocrx_word' id='word_1_123' title='bbox 479 2964 634 3054; x_wconf 89' lang='lat' dir='ltr'>libidine,</span> <span class='ocrx_word' id='word_1_124' title='bbox 668 2971 734 3039; x_wconf 82' lang='lat' dir='ltr'>sine</span> <span class='ocrx_word' id='word_1_125' title='bbox 764 2972 902 3062; x_wconf 90' lang='lat' dir='ltr'>probro,</span> <span class='ocrx_word' id='word_1_126' title='bbox 941 2969 1076 3058; x_wconf 85' lang='lat' dir='ltr'>scelere,</span> <span class='ocrx_word' id='word_1_127' title='bbox 1116 2972 1228 3067; x_wconf 79' lang='lat' dir='ltr'>eoque</span> 
     </span>
     <span class='ocr_line' id='line_1_22' title="bbox 259 3086 1227 3184; baseline 0.005 -29"><span class='ocrx_word' id='word_1_128' title='bbox 259 3089 327 3156; x_wconf 86' lang='lat' dir='ltr'>sme</span> <span class='ocrx_word' id='word_1_129' title='bbox 357 3087 459 3179; x_wconf 73' lang='lat' dir='ltr'>poentl</span> <span class='ocrx_word' id='word_1_130' title='bbox 500 3106 558 3157; x_wconf 88' lang='lat' dir='ltr'>aut</span> <span class='ocrx_word' id='word_1_131' title='bbox 586 3086 861 3176; x_wconf 89' lang='lat' dir='ltr'>co&#39;e&#39;rcitionibus,</span> <span class='ocrx_word' id='word_1_132' title='bbox 898 3091 1072 3184; x_wconf 84' lang='lat' dir='ltr'>agebant:</span> <span class='ocrx_word' id='word_1_133' title='bbox 1113 3113 1227 3184; x_wconf 87' lang='lat' dir='ltr'>neque</span> 
     </span>
     <span class='ocr_line' id='line_1_23' title="bbox 259 3186 1227 3302; baseline 0.004 -28"><span class='ocrx_word' id='word_1_134' title='bbox 259 3202 404 3299; x_wconf 85' lang='lat' dir='ltr'>praemiis</span> <span class='ocrx_word' id='word_1_135' title='bbox 434 3229 520 3298; x_wconf 92' lang='lat' dir='ltr'>opus</span> <span class='ocrx_word' id='word_1_136' title='bbox 548 3223 630 3292; x_wconf 86' lang='lat' dir='ltr'>erat,</span> <span class='ocrx_word' id='word_1_137' title='bbox 660 3205 742 3277; x_wconf 75' lang='lat' dir='ltr'>clim</span> <span class='ocrx_word' id='word_1_138' title='bbox 773 3207 913 3279; x_wconf 84' lang='lat' dir='ltr'>honesta</span> <span class='ocrx_word' id='word_1_139' title='bbox 943 3186 1062 3302; x_wconf 90' lang='lat' dir='ltr'>suopte</span> <span class='ocrx_word' id='word_1_140' title='bbox 1088 3205 1227 3301; x_wconf 89' lang='lat' dir='ltr'>ingenio</span> 
     </span>
     <span class='ocr_line' id='line_1_24' title="bbox 260 3322 1225 3419; baseline 0.004 -27"><span class='ocrx_word' id='word_1_141' title='bbox 260 3342 477 3417; x_wconf 73' lang='lat' dir='ltr'>peterentur:</span> <span class='ocrx_word' id='word_1_142' title='bbox 505 3325 537 3392; x_wconf 74' lang='lat' dir='ltr'>bt</span> <span class='ocrx_word' id='word_1_143' title='bbox 564 3322 623 3394; x_wconf 94' lang='lat' dir='ltr'>ubi</span> <span class='ocrx_word' id='word_1_144' title='bbox 642 3322 726 3395; x_wconf 91' lang='lat' dir='ltr'>nihil</span> <span class='ocrx_word' id='word_1_145' title='bbox 746 3345 867 3397; x_wconf 90' lang='lat' dir='ltr'>contra</span> <span class='ocrx_word' id='word_1_146' title='bbox 890 3351 1022 3396; x_wconf 91' lang='lat' dir='ltr'>morem</span> <span class='ocrx_word' id='word_1_147' title='bbox 1048 3346 1225 3419; x_wconf 89' lang='lat' dir='ltr'>cuperent,</span> 
     </span>
     <span class='ocr_line' id='line_1_25' title="bbox 259 3441 1227 3538; baseline 0.002 -27"><span class='ocrx_word' id='word_1_148' title='bbox 259 3441 344 3512; x_wconf 89' lang='lat' dir='ltr'>nihil</span> <span class='ocrx_word' id='word_1_149' title='bbox 363 3465 424 3535; x_wconf 86' lang='lat' dir='ltr'>per</span> <span class='ocrx_word' id='word_1_150' title='bbox 440 3462 574 3513; x_wconf 89' lang='lat' dir='ltr'>metum</span> <span class='ocrx_word' id='word_1_151' title='bbox 591 3444 806 3515; x_wconf 83' lang='lat' dir='ltr'>vetabantur.</span> <span class='ocrx_word' id='word_1_152' title='bbox 857 3447 906 3514; x_wconf 86' lang='lat' dir='ltr'>At</span> <span class='ocrx_word' id='word_1_153' title='bbox 936 3443 1118 3538; x_wconf 87' lang='lat' dir='ltr'>postquam</span> <span class='ocrx_word' id='word_1_154' title='bbox 1146 3441 1227 3513; x_wconf 90' lang='lat' dir='ltr'>exui</span> 
     </span>
     <span class='ocr_line' id='line_1_26' title="bbox 259 3559 1226 3657; baseline -0.001 -26"><span class='ocrx_word' id='word_1_155' title='bbox 259 3560 448 3655; x_wconf 81' lang='lat' dir='ltr'>aequalitas,</span> <span class='ocrx_word' id='word_1_156' title='bbox 468 3565 582 3656; x_wconf 86' lang='lat' dir='ltr'>&amp;pro</span> <span class='ocrx_word' id='word_1_157' title='bbox 599 3560 766 3632; x_wconf 68' lang='lat' dir='ltr'>modestia</span> <span class='ocrx_word' id='word_1_158' title='bbox 795 3587 834 3633; x_wconf 88' lang='lat' dir='ltr'>ac</span> <span class='ocrx_word' id='word_1_159' title='bbox 858 3562 1002 3657; x_wconf 91' lang='lat' dir='ltr'>pudore,</span> <span class='ocrx_word' id='word_1_160' title='bbox 1027 3559 1170 3632; x_wconf 89' lang='lat' dir='ltr'>ambitio</span> <span class='ocrx_word' id='word_1_161' title='bbox 1193 3563 1226 3631; x_wconf 73' lang='grc' dir='ltr'>δι</span> 
     </span>
     <span class='ocr_line' id='line_1_27' title="bbox 258 3678 1226 3774; baseline 0.003 -26"><span class='ocrx_word' id='word_1_162' title='bbox 258 3680 308 3749; x_wconf 88' lang='lat' dir='ltr'>vis</span> <span class='ocrx_word' id='word_1_163' title='bbox 338 3678 543 3763; x_wconf 83' lang='lat' dir='ltr'>incedebat3</span> <span class='ocrx_word' id='word_1_164' title='bbox 590 3681 779 3774; x_wconf 58' lang='lat' dir='ltr'>provendre</span> <span class='ocrx_word' id='word_1_165' title='bbox 820 3678 1097 3751; x_wconf 84' lang='lat' dir='ltr'>dominationes:</span> <span class='ocrx_word' id='word_1_166' title='bbox 1136 3682 1226 3751; x_wconf 94' lang='lat' dir='ltr'>mul-</span> 
     </span>
     <span class='ocr_line' id='line_1_28' title="bbox 259 3797 1227 3894; baseline 0.006 -28"><span class='ocrx_word' id='word_1_167' title='bbox 259 3797 378 3893; x_wconf 90' lang='lat' dir='ltr'>tosque</span> <span class='ocrx_word' id='word_1_168' title='bbox 390 3798 485 3893; x_wconf 91' lang='lat' dir='ltr'>apud</span> <span class='ocrx_word' id='word_1_169' title='bbox 503 3800 662 3893; x_wconf 91' lang='lat' dir='ltr'>populos,</span> <span class='ocrx_word' id='word_1_170' title='bbox 681 3798 847 3869; x_wconf 79' lang='lat' dir='ltr'>aetemum</span> <span class='ocrx_word' id='word_1_171' title='bbox 864 3800 1029 3871; x_wconf 48' lang='lat' dir='ltr'>mansere.</span> <span class='ocrx_word' id='word_1_172' title='bbox 1070 3797 1227 3894; x_wconf 74' lang='lat' dir='ltr'>Quidam</span> 
     </span>
     <span class='ocr_line' id='line_1_29' title="bbox 258 3913 1228 4015; baseline 0.001 -26"><span class='ocrx_word' id='word_1_173' title='bbox 258 3913 385 4005; x_wconf 85' lang='lat' dir='ltr'>statim,</span> <span class='ocrx_word' id='word_1_174' title='bbox 423 3936 480 3989; x_wconf 86' lang='lat' dir='ltr'>aut</span> <span class='ocrx_word' id='word_1_175' title='bbox 514 3915 698 4013; x_wconf 89' lang='lat' dir='ltr'>postquam</span> <span class='ocrx_word' id='word_1_176' title='bbox 738 3940 862 4013; x_wconf 88' lang='lat' dir='ltr'>regum</span> <span class='ocrx_word' id='word_1_177' title='bbox 903 3913 1096 4014; x_wconf 81' lang='lat' dir='ltr'>pertaesum,</span> <span class='ocrx_word' id='word_1_178' title='bbox 1134 3919 1228 4015; x_wconf 86' lang='lat' dir='ltr'>leges</span> 
     </span>
    </p>
   </div>
   <div class='ocr_carea' id='block_1_3' title="bbox 0 0 1498 5138">
    <p class='ocr_par' dir='ltr' id='par_1_5' title="bbox 0 0 1498 5138">
     <span class='ocr_line' id='line_1_30' title="bbox 0 0 1498 5138; baseline 0 0"><span class='ocrx_word' id='word_1_179' title='bbox 0 0 1498 5138; x_wconf 95' lang='lat' dir='ltr'> </span> 
     </span>
    </p>
   </div>
  </div>
 </body>
</html>
