<?xml version="1.0" encoding="UTF-8"?>
<!DOCTYPE html PUBLIC "-//W3C//DTD XHTML 1.0 Transitional//EN"
    "http://www.w3.org/TR/xhtml1/DTD/xhtml1-transitional.dtd">
<html xmlns="http://www.w3.org/1999/xhtml" xml:lang="en" lang="en">
 <head>
  <title>
</title>
<meta http-equiv="Content-Type" content="text/html;charset=utf-8" />
  <meta name='ocr-system' content='tesseract 3.04.00' />
  <meta name='ocr-capabilities' content='ocr_page ocr_carea ocr_par ocr_line ocrx_word'/>
</head>
<body>
  <div class='ocr_page' id='page_1' title='image "./ccorneliitaciti03ernegoog_0306.png"; bbox 0 0 2986 5138; ppageno 0'>
   <div class='ocr_carea' id='block_1_1' title="bbox 429 601 1174 700">
    <p class='ocr_par' dir='ltr' id='par_1_1' title="bbox 429 601 1174 700">
     <span class='ocr_line' id='line_1_1' title="bbox 429 601 1174 700; baseline -0.001 -26"><span class='ocrx_word' id='word_1_1' title='bbox 429 604 735 674; x_wconf 79' lang='lat' dir='ltr'>Auunnrnu</span> <span class='ocrx_word' id='word_1_2' title='bbox 760 601 872 672; x_wconf 70' lang='lat' dir='ltr'>Lra·</span> <span class='ocrx_word' id='word_1_3' title='bbox 896 602 958 673; x_wconf 84' lang='lat' dir='ltr'>IV.</span> <span class='ocrx_word' id='word_1_4' title='bbox 1105 625 1174 700; x_wconf 83' lang='lat'>249</span> 
     </span>
    </p>
   </div>
   <div class='ocr_carea' id='block_1_2' title="bbox 207 768 1182 3966">
    <p class='ocr_par' dir='ltr' id='par_1_2' title="bbox 207 768 1182 3966">
     <span class='ocr_line' id='line_1_2' title="bbox 211 768 1175 871; baseline 0.002 -28"><span class='ocrx_word' id='word_1_5' title='bbox 211 768 451 845; x_wconf 82' lang='lat' dir='ltr'>ululatibus&amp;</span> <span class='ocrx_word' id='word_1_6' title='bbox 470 773 616 871; x_wconf 83' lang='lat' dir='ltr'>gemitu,</span> <span class='ocrx_word' id='word_1_7' title='bbox 639 770 804 870; x_wconf 85' lang='lat' dir='ltr'>conjuges</span> <span class='ocrx_word' id='word_1_8' title='bbox 822 791 880 844; x_wconf 89' lang='lat' dir='ltr'>aut</span> <span class='ocrx_word' id='word_1_9' title='bbox 908 772 1031 846; x_wconf 90' lang='lat' dir='ltr'>liberos</span> <span class='ocrx_word' id='word_1_10' title='bbox 1058 771 1175 846; x_wconf 83' lang='lat' dir='ltr'>nosce-</span> 
     </span>
     <span class='ocr_line' id='line_1_3' title="bbox 212 889 1175 988; baseline 0.001 -26"><span class='ocrx_word' id='word_1_11' title='bbox 212 892 307 963; x_wconf 86' lang='lat' dir='ltr'><strong>bant.</strong></span> <span class='ocrx_word' id='word_1_12' title='bbox 356 892 437 985; x_wconf 91' lang='lat' dir='ltr'>Jam</span> <span class='ocrx_word' id='word_1_13' title='bbox 455 892 557 965; x_wconf 88' lang='lat' dir='ltr'>ceteri</span> <span class='ocrx_word' id='word_1_14' title='bbox 574 892 666 966; x_wconf 75' lang='lat' dir='ltr'>fama</span> <span class='ocrx_word' id='word_1_15' title='bbox 682 892 800 981; x_wconf 83' lang='lat' dir='ltr'>exciti,</span> <span class='ocrx_word' id='word_1_16' title='bbox 827 890 885 963; x_wconf 92' lang='lat' dir='ltr'>hic</span> <span class='ocrx_word' id='word_1_17' title='bbox 912 889 1065 980; x_wconf 88' lang='lat' dir='ltr'>fratrem,</span> <span class='ocrx_word' id='word_1_18' title='bbox 1095 917 1175 988; x_wconf 87' lang='lat' dir='ltr'>pro·</span> 
     </span>
     <span class='ocr_line' id='line_1_4' title="bbox 212 1007 1177 1107; baseline 0.001 -27"><span class='ocrx_word' id='word_1_19' title='bbox 212 1007 386 1105; x_wconf 90' lang='lat' dir='ltr'>pinquum</span> <span class='ocrx_word' id='word_1_20' title='bbox 426 1010 496 1099; x_wconf 91' lang='lat' dir='ltr'>ille,</span> <span class='ocrx_word' id='word_1_21' title='bbox 531 1009 615 1083; x_wconf 90' lang='lat' dir='ltr'>alius</span> <span class='ocrx_word' id='word_1_22' title='bbox 646 1031 802 1107; x_wconf 89' lang='lat' dir='ltr'>parentes</span> <span class='ocrx_word' id='word_1_23' title='bbox 832 1009 1030 1082; x_wconf 84' lang='lat' dir='ltr'>lamentari:</span> <span class='ocrx_word' id='word_1_24' title='bbox 1071 1010 1177 1081; x_wconf 89' lang='lat' dir='ltr'>etiam</span> 
     </span>
     <span class='ocr_line' id='line_1_5' title="bbox 211 1127 1176 1225; baseline 0 -25"><span class='ocrx_word' id='word_1_25' title='bbox 211 1154 363 1225; x_wconf 93' lang='lat' dir='ltr'>quorum</span> <span class='ocrx_word' id='word_1_26' title='bbox 377 1128 514 1201; x_wconf 72' lang='lat' dir='ltr'>diversa</span> <span class='ocrx_word' id='word_1_27' title='bbox 528 1130 573 1202; x_wconf 90' lang='lat' dir='ltr'>de</span> <span class='ocrx_word' id='word_1_28' title='bbox 589 1133 689 1202; x_wconf 74' lang='lat' dir='ltr'>causa</span> <span class='ocrx_word' id='word_1_29' title='bbox 711 1129 813 1202; x_wconf 91' lang='lat' dir='ltr'>amici</span> <span class='ocrx_word' id='word_1_30' title='bbox 831 1148 890 1201; x_wconf 94' lang='lat' dir='ltr'>aut</span> <span class='ocrx_word' id='word_1_31' title='bbox 907 1127 1079 1201; x_wconf 75' lang='lat' dir='ltr'>necessarii</span> <span class='ocrx_word' id='word_1_32' title='bbox 1095 1129 1176 1200; x_wconf 90' lang='lat' dir='ltr'>abe-</span> 
     </span>
     <span class='ocr_line' id='line_1_6' title="bbox 211 1248 1176 1345; baseline 0 -27"><span class='ocrx_word' id='word_1_33' title='bbox 211 1267 299 1337; x_wconf 85' lang='lat' dir='ltr'>rant,</span> <span class='ocrx_word' id='word_1_34' title='bbox 327 1273 452 1345; x_wconf 90' lang='lat' dir='ltr'>pavere</span> <span class='ocrx_word' id='word_1_35' title='bbox 469 1269 609 1333; x_wconf 88' lang='lat' dir='ltr'>tamen;</span> <span class='ocrx_word' id='word_1_36' title='bbox 635 1248 852 1343; x_wconf 92' lang='lat' dir='ltr'>nequedum</span> <span class='ocrx_word' id='word_1_37' title='bbox 870 1268 1062 1342; x_wconf 90' lang='lat' dir='ltr'>comperto,</span> <span class='ocrx_word' id='word_1_38' title='bbox 1089 1272 1176 1345; x_wconf 91' lang='lat' dir='ltr'>quos</span> 
     </span>
     <span class='ocr_line' id='line_1_7' title="bbox 211 1365 1129 1463; baseline 0.004 -27"><span class='ocrx_word' id='word_1_39' title='bbox 211 1365 271 1438; x_wconf 91' lang='lat' dir='ltr'>iIIa</span> <span class='ocrx_word' id='word_1_40' title='bbox 287 1367 339 1439; x_wconf 84' lang='lat' dir='ltr'>ris</span> <span class='ocrx_word' id='word_1_41' title='bbox 359 1366 563 1463; x_wconf 81' lang='lat' dir='ltr'>perculilfet,</span> <span class='ocrx_word' id='word_1_42' title='bbox 590 1367 689 1439; x_wconf 86' lang='lat' dir='ltr'>latior</span> <span class='ocrx_word' id='word_1_43' title='bbox 705 1393 750 1439; x_wconf 87' lang='lat' dir='ltr'>ex</span> <span class='ocrx_word' id='word_1_44' title='bbox 767 1367 897 1439; x_wconf 89' lang='lat' dir='ltr'>incerto</span> <span class='ocrx_word' id='word_1_45' title='bbox 921 1387 1043 1440; x_wconf 90' lang='lat' dir='ltr'>metus.</span> <span class='ocrx_word' id='word_1_46' title='bbox 1126 1395 1129 1403; x_wconf 74' lang='grc'><em>“</em></span> 
     </span>
     <span class='ocr_line' id='line_1_8' title="bbox 260 1486 1176 1570; baseline 0.002 -14"><span class='ocrx_word' id='word_1_47' title='bbox 260 1487 393 1557; x_wconf 88' lang='lat' dir='ltr'>LXIII.</span> <span class='ocrx_word' id='word_1_48' title='bbox 425 1488 487 1559; x_wconf 83' lang='lat' dir='ltr'>Ur</span> <span class='ocrx_word' id='word_1_49' title='bbox 517 1512 679 1559; x_wconf 72' lang='lat' dir='ltr'>carena</span> <span class='ocrx_word' id='word_1_50' title='bbox 705 1486 875 1559; x_wconf 86' lang='lat' dir='ltr'>dimoveri</span> <span class='ocrx_word' id='word_1_51' title='bbox 909 1488 1056 1570; x_wconf 90' lang='lat' dir='ltr'>obruta;</span> <span class='ocrx_word' id='word_1_52' title='bbox 1092 1511 1176 1558; x_wconf 90' lang='lat' dir='ltr'>con-</span> 
     </span>
     <span class='ocr_line' id='line_1_9' title="bbox 211 1602 1177 1703; baseline 0 -26"><span class='ocrx_word' id='word_1_53' title='bbox 211 1603 326 1677; x_wconf 85' lang='lat' dir='ltr'>cursus</span> <span class='ocrx_word' id='word_1_54' title='bbox 354 1605 400 1677; x_wconf 91' lang='lat' dir='ltr'>ad</span> <span class='ocrx_word' id='word_1_55' title='bbox 428 1607 621 1693; x_wconf 88' lang='lat' dir='ltr'>exanimos,</span> <span class='ocrx_word' id='word_1_56' title='bbox 652 1605 968 1703; x_wconf 68' lang='lat' dir='ltr'>compleclentium,</span> <span class='ocrx_word' id='word_1_57' title='bbox 995 1602 1177 1678; x_wconf 89' lang='lat' dir='ltr'>osculanti·</span> 
     </span>
     <span class='ocr_line' id='line_1_10' title="bbox 211 1722 1182 1822; baseline 0.002 -27"><span class='ocrx_word' id='word_1_58' title='bbox 211 1749 296 1796; x_wconf 82' lang='lat' dir='ltr'>urn:</span> <span class='ocrx_word' id='word_1_59' title='bbox 328 1729 362 1798; x_wconf 75' lang='grc' dir='ltr'>δι</span> <span class='ocrx_word' id='word_1_60' title='bbox 380 1722 469 1822; x_wconf 86' lang='lat' dir='ltr'>saepe</span> <span class='ocrx_word' id='word_1_61' title='bbox 484 1747 671 1816; x_wconf 90' lang='lat' dir='ltr'>certamen,</span> <span class='ocrx_word' id='word_1_62' title='bbox 691 1728 713 1796; x_wconf 87' lang='lat' dir='ltr'>fi</span> <span class='ocrx_word' id='word_1_63' title='bbox 730 1723 901 1796; x_wconf 81' lang='lat' dir='ltr'>confusior</span> <span class='ocrx_word' id='word_1_64' title='bbox 916 1722 1031 1812; x_wconf 92' lang='lat' dir='ltr'>facies,</span> <span class='ocrx_word' id='word_1_65' title='bbox 1067 1729 1099 1797; x_wconf 76' lang='grc' dir='ltr'>δι</span> <span class='ocrx_word' id='word_1_66' title='bbox 1118 1749 1182 1821; x_wconf 91' lang='lat' dir='ltr'>par</span> 
     </span>
     <span class='ocr_line' id='line_1_11' title="bbox 211 1840 1177 1941; baseline 0.001 -27"><span class='ocrx_word' id='word_1_67' title='bbox 211 1840 338 1932; x_wconf 89' lang='lat' dir='ltr'>forma,</span> <span class='ocrx_word' id='word_1_68' title='bbox 357 1865 415 1917; x_wconf 92' lang='lat' dir='ltr'>aut</span> <span class='ocrx_word' id='word_1_69' title='bbox 432 1866 528 1933; x_wconf 86' lang='lat' dir='ltr'>aetas,</span> <span class='ocrx_word' id='word_1_70' title='bbox 550 1870 699 1917; x_wconf 86' lang='lat' dir='ltr'>errorem</span> <span class='ocrx_word' id='word_1_71' title='bbox 725 1841 1015 1941; x_wconf 84' lang='lat' dir='ltr'>adgnoscentibus</span> <span class='ocrx_word' id='word_1_72' title='bbox 1040 1841 1177 1915; x_wconf 86' lang='lat' dir='ltr'>fecerat.</span> 
     </span>
     <span class='ocr_line' id='line_1_12' title="bbox 210 1959 1175 2059; baseline 0.001 -27"><span class='ocrx_word' id='word_1_73' title='bbox 210 1961 474 2059; x_wconf 82' lang='lat' dir='ltr'>Qrinquaginta</span> <span class='ocrx_word' id='word_1_74' title='bbox 490 1964 673 2036; x_wconf 89' lang='lat' dir='ltr'>hominum</span> <span class='ocrx_word' id='word_1_75' title='bbox 691 1962 812 2051; x_wconf 89' lang='lat' dir='ltr'>millia,</span> <span class='ocrx_word' id='word_1_76' title='bbox 831 1986 873 2034; x_wconf 91' lang='lat' dir='ltr'>eo</span> <span class='ocrx_word' id='word_1_77' title='bbox 890 1959 967 2033; x_wconf 89' lang='lat' dir='ltr'>casu</span> <span class='ocrx_word' id='word_1_78' title='bbox 983 1961 1175 2050; x_wconf 87' lang='lat' dir='ltr'>debilitata,</span> 
     </span>
     <span class='ocr_line' id='line_1_13' title="bbox 210 2079 1177 2178; baseline 0.004 -28"><span class='ocrx_word' id='word_1_79' title='bbox 210 2081 267 2151; x_wconf 88' lang='lat' dir='ltr'>vel</span> <span class='ocrx_word' id='word_1_80' title='bbox 285 2080 410 2155; x_wconf 89' lang='lat' dir='ltr'>obtrita</span> <span class='ocrx_word' id='word_1_81' title='bbox 430 2079 516 2154; x_wconf 85' lang='lat' dir='ltr'>sunt.</span> <span class='ocrx_word' id='word_1_82' title='bbox 566 2082 788 2178; x_wconf 89' lang='lat' dir='ltr'>Cautumque</span> <span class='ocrx_word' id='word_1_83' title='bbox 820 2080 855 2152; x_wconf 94' lang='lat' dir='ltr'>in</span> <span class='ocrx_word' id='word_1_84' title='bbox 886 2080 1060 2176; x_wconf 87' lang='lat' dir='ltr'>postemm</span> <span class='ocrx_word' id='word_1_85' title='bbox 1084 2080 1177 2154; x_wconf 90' lang='lat' dir='ltr'>sena·</span> 
     </span>
     <span class='ocr_line' id='line_1_14' title="bbox 213 2196 1176 2298; baseline 0.002 -28"><span class='ocrx_word' id='word_1_86' title='bbox 213 2196 436 2289; x_wconf 79' lang='lat' dir='ltr'>tusconsuItO,</span> <span class='ocrx_word' id='word_1_87' title='bbox 466 2200 646 2298; x_wconf 90' lang='lat' dir='ltr'>“nequis</span> <span class='ocrx_word' id='word_1_88' title='bbox 665 2199 913 2298; x_wconf 85' lang='lat' dir='ltr'>gladiatorium</span> <span class='ocrx_word' id='word_1_89' title='bbox 931 2226 1057 2272; x_wconf 91' lang='lat' dir='ltr'>munus</span> <span class='ocrx_word' id='word_1_90' title='bbox 1095 2201 1176 2272; x_wconf 89' lang='lat' dir='ltr'>ede-</span> 
     </span>
     <span class='ocr_line' id='line_1_15' title="bbox 213 2318 1176 2417; baseline 0.001 -27"><span class='ocrx_word' id='word_1_91' title='bbox 213 2325 240 2360; x_wconf 92' lang='lat'><strong>“</strong></span> <span class='ocrx_word' id='word_1_92' title='bbox 258 2337 324 2407; x_wconf 89' lang='lat' dir='ltr'>ret,</span> <span class='ocrx_word' id='word_1_93' title='bbox 354 2318 410 2391; x_wconf 93' lang='lat' dir='ltr'>cui</span> <span class='ocrx_word' id='word_1_94' title='bbox 442 2318 557 2391; x_wconf 90' lang='lat' dir='ltr'>minor</span> <span class='ocrx_word' id='word_1_95' title='bbox 569 2320 902 2417; x_wconf 86' lang='lat' dir='ltr'>quadringentorum</span> <span class='ocrx_word' id='word_1_96' title='bbox 920 2318 1071 2391; x_wconf 92' lang='lat' dir='ltr'>millium</span> <span class='ocrx_word' id='word_1_97' title='bbox 1100 2344 1176 2404; x_wconf 81' lang='lat' dir='ltr'>res3</span> 
     </span>
     <span class='ocr_line' id='line_1_16' title="bbox 212 2438 1178 2535; baseline 0.002 -26"><span class='ocrx_word' id='word_1_98' title='bbox 212 2443 240 2479; x_wconf 90' lang='lat'><strong>“</strong></span> <span class='ocrx_word' id='word_1_99' title='bbox 258 2463 345 2510; x_wconf 92' lang='lat' dir='ltr'>neve</span> <span class='ocrx_word' id='word_1_100' title='bbox 361 2439 653 2534; x_wconf 85' lang='lat' dir='ltr'>amphitheatrum</span> <span class='ocrx_word' id='word_1_101' title='bbox 669 2438 914 2535; x_wconf 89' lang='lat' dir='ltr'>imponeretur,</span> <span class='ocrx_word' id='word_1_102' title='bbox 941 2438 1003 2511; x_wconf 77' lang='lat' dir='ltr'>nisi</span> <span class='ocrx_word' id='word_1_103' title='bbox 1030 2438 1103 2515; x_wconf 92' lang='lat' dir='ltr'>solo</span> <span class='ocrx_word' id='word_1_104' title='bbox 1119 2440 1178 2511; x_wconf 90' lang='lat' dir='ltr'>fir-</span> 
     </span>
     <span class='ocr_line' id='line_1_17' title="bbox 211 2556 1179 2654; baseline 0.001 -24"><span class='ocrx_word' id='word_1_105' title='bbox 211 2564 240 2598; x_wconf 90' lang='lat'><strong>“</strong></span> <span class='ocrx_word' id='word_1_106' title='bbox 258 2556 385 2630; x_wconf 80' lang='lat' dir='ltr'>mitaris</span> <span class='ocrx_word' id='word_1_107' title='bbox 413 2557 610 2654; x_wconf 76' lang='lat' dir='ltr'>speftatae.&#39;’</span> <span class='ocrx_word' id='word_1_108' title='bbox 676 2557 804 2632; x_wconf 86' lang='lat' dir='ltr'>Atilius</span> <span class='ocrx_word' id='word_1_109' title='bbox 830 2557 867 2631; x_wconf 95' lang='lat' dir='ltr'>in</span> <span class='ocrx_word' id='word_1_110' title='bbox 900 2557 1058 2631; x_wconf 88' lang='lat' dir='ltr'>exfilium</span> <span class='ocrx_word' id='word_1_111' title='bbox 1083 2559 1179 2631; x_wconf 71' lang='lat' dir='ltr'>afhus</span> 
     </span>
     <span class='ocr_line' id='line_1_18' title="bbox 209 2675 1177 2773; baseline -0.001 -24"><span class='ocrx_word' id='word_1_112' title='bbox 209 2676 269 2749; x_wconf 69' lang='lat' dir='ltr'>ert</span> <span class='ocrx_word' id='word_1_113' title='bbox 317 2675 480 2749; x_wconf 76' lang='lat' dir='ltr'>Ceterum</span> <span class='ocrx_word' id='word_1_114' title='bbox 499 2676 560 2749; x_wconf 92' lang='lat' dir='ltr'>fub</span> <span class='ocrx_word' id='word_1_115' title='bbox 576 2697 750 2751; x_wconf 87' lang='lat' dir='ltr'>recentem</span> <span class='ocrx_word' id='word_1_116' title='bbox 766 2679 903 2751; x_wconf 86' lang='lat' dir='ltr'>cladem</span> <span class='ocrx_word' id='word_1_117' title='bbox 932 2678 1072 2773; x_wconf 60' lang='lat' dir='ltr'>patuere</span> <span class='ocrx_word' id='word_1_118' title='bbox 1098 2702 1177 2773; x_wconf 90' lang='lat' dir='ltr'>pro-</span> 
     </span>
     <span class='ocr_line' id='line_1_19' title="bbox 211 2794 1175 2893; baseline 0.001 -25"><span class='ocrx_word' id='word_1_119' title='bbox 211 2820 328 2868; x_wconf 88' lang='lat' dir='ltr'>cerum</span> <span class='ocrx_word' id='word_1_120' title='bbox 344 2795 484 2884; x_wconf 92' lang='lat' dir='ltr'>domus,</span> <span class='ocrx_word' id='word_1_121' title='bbox 502 2794 668 2885; x_wconf 87' lang='lat' dir='ltr'>fomenta,</span> <span class='ocrx_word' id='word_1_122' title='bbox 687 2802 721 2871; x_wconf 86' lang='lat'>&amp;</span> <span class='ocrx_word' id='word_1_123' title='bbox 737 2796 863 2869; x_wconf 89' lang='lat' dir='ltr'>medici</span> <span class='ocrx_word' id='word_1_124' title='bbox 881 2799 999 2892; x_wconf 81' lang='lat' dir='ltr'>pallrm</span> <span class='ocrx_word' id='word_1_125' title='bbox 1017 2795 1175 2893; x_wconf 85' lang='lat' dir='ltr'>praebiti:</span> 
     </span>
     <span class='ocr_line' id='line_1_20' title="bbox 210 2890 1176 3013; baseline 0.001 -25"><span class='ocrx_word' id='word_1_126' title='bbox 210 2913 346 3011; x_wconf 86' lang='lat' dir='ltr'>fuitque</span> <span class='ocrx_word' id='word_1_127' title='bbox 360 2915 455 2987; x_wconf 87' lang='lat' dir='ltr'>Urbs</span> <span class='ocrx_word' id='word_1_128' title='bbox 473 2939 535 3010; x_wconf 90' lang='lat' dir='ltr'>per</span> <span class='ocrx_word' id='word_1_129' title='bbox 550 2914 627 2988; x_wconf 90' lang='lat' dir='ltr'>illos</span> <span class='ocrx_word' id='word_1_130' title='bbox 642 2915 728 3004; x_wconf 90' lang='lat' dir='ltr'>dies,</span> <span class='ocrx_word' id='word_1_131' title='bbox 752 2941 965 3013; x_wconf 90' lang='lat' dir='ltr'>quamquam</span> <span class='ocrx_word' id='word_1_132' title='bbox 993 2890 1109 2989; x_wconf 72' lang='lat' dir='ltr'>maelih</span> <span class='ocrx_word' id='word_1_133' title='bbox 1126 2914 1176 2989; x_wconf 87' lang='lat' dir='ltr'>fa-</span> 
     </span>
     <span class='ocr_line' id='line_1_21' title="bbox 210 3032 1178 3132; baseline 0.003 -26"><span class='ocrx_word' id='word_1_134' title='bbox 210 3033 277 3122; x_wconf 91' lang='lat' dir='ltr'>cie,</span> <span class='ocrx_word' id='word_1_135' title='bbox 304 3054 462 3108; x_wconf 91' lang='lat' dir='ltr'>veterum</span> <span class='ocrx_word' id='word_1_136' title='bbox 489 3032 649 3108; x_wconf 89' lang='lat' dir='ltr'>institutis</span> <span class='ocrx_word' id='word_1_137' title='bbox 674 3034 803 3124; x_wconf 75' lang='lat' dir='ltr'>similis,</span> <span class='ocrx_word' id='word_1_138' title='bbox 838 3034 899 3131; x_wconf 90' lang='lat' dir='ltr'>qui</span> <span class='ocrx_word' id='word_1_139' title='bbox 937 3060 1066 3132; x_wconf 88' lang='lat' dir='ltr'>magna</span> <span class='ocrx_word' id='word_1_140' title='bbox 1102 3035 1178 3132; x_wconf 88' lang='lat' dir='ltr'>post</span> 
     </span>
     <span class='ocr_line' id='line_1_22' title="bbox 207 3151 1097 3251; baseline 0.003 -29"><span class='ocrx_word' id='word_1_141' title='bbox 207 3152 329 3249; x_wconf 89' lang='lat' dir='ltr'>proelia</span> <span class='ocrx_word' id='word_1_142' title='bbox 344 3151 472 3226; x_wconf 92' lang='lat' dir='ltr'>saucios</span> <span class='ocrx_word' id='word_1_143' title='bbox 489 3153 680 3251; x_wconf 86' lang='lat' dir='ltr'>largitione,</span> <span class='ocrx_word' id='word_1_144' title='bbox 708 3158 741 3227; x_wconf 76' lang='grc' dir='ltr'>δι</span> <span class='ocrx_word' id='word_1_145' title='bbox 759 3157 841 3228; x_wconf 72' lang='lat' dir='ltr'>cura</span> <span class='ocrx_word' id='word_1_146' title='bbox 857 3152 1097 3226; x_wconf 85' lang='lat' dir='ltr'>sustentabant.</span> 
     </span>
     <span class='ocr_line' id='line_1_23' title="bbox 258 3272 1176 3371; baseline 0.002 -28"><span class='ocrx_word' id='word_1_147' title='bbox 258 3273 391 3344; x_wconf 90' lang='lat' dir='ltr'>LXIV.</span> <span class='ocrx_word' id='word_1_148' title='bbox 413 3275 596 3345; x_wconf 79' lang='lat' dir='ltr'>Nonnunr</span> <span class='ocrx_word' id='word_1_149' title='bbox 612 3298 652 3346; x_wconf 89' lang='lat' dir='ltr'>ea</span> <span class='ocrx_word' id='word_1_150' title='bbox 668 3274 782 3346; x_wconf 88' lang='lat' dir='ltr'>clades</span> <span class='ocrx_word' id='word_1_151' title='bbox 800 3274 1009 3360; x_wconf 86' lang='lat' dir='ltr'>exoleverat,</span> <span class='ocrx_word' id='word_1_152' title='bbox 1025 3273 1107 3345; x_wconf 79' lang='lat' dir='ltr'>clrm</span> <span class='ocrx_word' id='word_1_153' title='bbox 1123 3272 1176 3371; x_wconf 82' lang='lat' dir='ltr'>ig-</span> 
     </span>
     <span class='ocr_line' id='line_1_24' title="bbox 209 3389 1178 3481; baseline 0.003 -18"><span class='ocrx_word' id='word_1_154' title='bbox 209 3390 263 3463; x_wconf 90' lang='lat' dir='ltr'>nis</span> <span class='ocrx_word' id='word_1_155' title='bbox 280 3390 444 3464; x_wconf 91' lang='lat' dir='ltr'>violentia</span> <span class='ocrx_word' id='word_1_156' title='bbox 459 3395 596 3466; x_wconf 91' lang='lat' dir='ltr'>Urbem</span> <span class='ocrx_word' id='word_1_157' title='bbox 613 3393 704 3464; x_wconf 91' lang='lat' dir='ltr'>ultra</span> <span class='ocrx_word' id='word_1_158' title='bbox 719 3391 857 3466; x_wconf 88' lang='lat' dir='ltr'>solitum</span> <span class='ocrx_word' id='word_1_159' title='bbox 888 3389 1028 3481; x_wconf 85' lang='lat' dir='ltr'>adfecit,</span> <span class='ocrx_word' id='word_1_160' title='bbox 1057 3392 1178 3466; x_wconf 92' lang='lat' dir='ltr'>deusto</span> 
     </span>
     <span class='ocr_line' id='line_1_25' title="bbox 210 3508 1177 3608; baseline 0.002 -25"><span class='ocrx_word' id='word_1_161' title='bbox 210 3531 330 3583; x_wconf 90' lang='lat' dir='ltr'>monte</span> <span class='ocrx_word' id='word_1_162' title='bbox 356 3511 490 3584; x_wconf 87' lang='lat' dir='ltr'>Caelio:</span> <span class='ocrx_word' id='word_1_163' title='bbox 528 3509 785 3608; x_wconf 88' lang='lat' dir='ltr'>“feralemque</span> <span class='ocrx_word' id='word_1_164' title='bbox 819 3512 974 3584; x_wconf 90' lang='lat' dir='ltr'>annum&#39;&#39;</span> <span class='ocrx_word' id='word_1_165' title='bbox 1007 3508 1177 3602; x_wconf 90' lang='lat' dir='ltr'>ferebant,</span> 
     </span>
     <span class='ocr_line' id='line_1_26' title="bbox 211 3628 1178 3726; baseline 0 -23"><span class='ocrx_word' id='word_1_166' title='bbox 211 3638 238 3677; x_wconf 90' lang='lat'><strong>“</strong></span> <span class='ocrx_word' id='word_1_167' title='bbox 258 3628 482 3704; x_wconf 88' lang='lat' dir='ltr'>&amp;ominibus</span> <span class='ocrx_word' id='word_1_168' title='bbox 500 3632 645 3703; x_wconf 78' lang='lat' dir='ltr'>adversis</span> <span class='ocrx_word' id='word_1_169' title='bbox 663 3628 855 3726; x_wconf 86' lang='lat' dir='ltr'>susceptum</span> <span class='ocrx_word' id='word_1_170' title='bbox 876 3628 1023 3724; x_wconf 86' lang='lat' dir='ltr'>Principi</span> <span class='ocrx_word' id='word_1_171' title='bbox 1042 3630 1178 3703; x_wconf 85' lang='lat' dir='ltr'>confili-</span> 
     </span>
     <span class='ocr_line' id='line_1_27' title="bbox 210 3746 1177 3847; baseline 0.001 -24"><span class='ocrx_word' id='word_1_172' title='bbox 210 3757 239 3794; x_wconf 89' lang='lat'><strong>“</strong></span> <span class='ocrx_word' id='word_1_173' title='bbox 257 3777 320 3823; x_wconf 95' lang='lat' dir='ltr'>um</span> <span class='ocrx_word' id='word_1_174' title='bbox 346 3748 544 3840; x_wconf 80' lang='lat' dir='ltr'>ahsentiae,&#39;&#39;</span> <span class='ocrx_word' id='word_1_175' title='bbox 568 3749 629 3847; x_wconf 92' lang='lat' dir='ltr'>qui</span> <span class='ocrx_word' id='word_1_176' title='bbox 647 3775 722 3822; x_wconf 91' lang='lat' dir='ltr'>mos</span> <span class='ocrx_word' id='word_1_177' title='bbox 738 3749 863 3846; x_wconf 87' lang='lat' dir='ltr'>vulgo,</span> <span class='ocrx_word' id='word_1_178' title='bbox 887 3746 1026 3820; x_wconf 88' lang='lat' dir='ltr'>fortuita</span> <span class='ocrx_word' id='word_1_179' title='bbox 1040 3749 1085 3820; x_wconf 90' lang='lat' dir='ltr'>ad</span> <span class='ocrx_word' id='word_1_180' title='bbox 1102 3753 1177 3823; x_wconf 90' lang='lat' dir='ltr'>cul-</span> 
     </span>
     <span class='ocr_line' id='line_1_28' title="bbox 210 3865 1179 3966; baseline 0.001 -24"><span class='ocrx_word' id='word_1_181' title='bbox 210 3895 293 3966; x_wconf 91' lang='lat' dir='ltr'>pam</span> <span class='ocrx_word' id='word_1_182' title='bbox 320 3871 504 3959; x_wconf 83' lang='lat' dir='ltr'>trahentes,</span> <span class='ocrx_word' id='word_1_183' title='bbox 533 3868 570 3941; x_wconf 91' lang='lat' dir='ltr'>ni</span> <span class='ocrx_word' id='word_1_184' title='bbox 588 3867 701 3941; x_wconf 88' lang='lat' dir='ltr'>Caesar</span> <span class='ocrx_word' id='word_1_185' title='bbox 717 3866 860 3940; x_wconf 90' lang='lat' dir='ltr'>obviam</span> <span class='ocrx_word' id='word_1_186' title='bbox 875 3865 961 3956; x_wconf 85' lang='lat' dir='ltr'>iffet,</span> <span class='ocrx_word' id='word_1_187' title='bbox 995 3867 1179 3943; x_wconf 85' lang='lat' dir='ltr'>tribuendo</span> 
     </span>
    </p>
   </div>
   <div class='ocr_carea' id='block_1_3' title="bbox 210 3986 1176 4094">
    <p class='ocr_par' dir='ltr' id='par_1_3' title="bbox 210 3986 1176 4094">
     <span class='ocr_line' id='line_1_29' title="bbox 210 3986 1176 4094; baseline 0.003 -31"><span class='ocrx_word' id='word_1_188' title='bbox 210 3988 371 4094; x_wconf 86' lang='lat' dir='ltr'>pecunias</span> <span class='ocrx_word' id='word_1_189' title='bbox 387 4014 431 4068; x_wconf 82' lang='lat' dir='ltr'>ex</span> <span class='ocrx_word' id='word_1_190' title='bbox 447 3990 557 4064; x_wconf 91' lang='lat' dir='ltr'>modo</span> <span class='ocrx_word' id='word_1_191' title='bbox 574 3986 782 4064; x_wconf 87' lang='lat' dir='ltr'>detrimenti.</span> <span class='ocrx_word' id='word_1_192' title='bbox 817 3987 986 4085; x_wconf 76' lang='lat' dir='ltr'>noaeque</span> <span class='ocrx_word' id='word_1_193' title='bbox 1003 3987 1034 4064; x_wconf 92' lang='lat' dir='ltr'>ei</span> <span class='ocrx_word' id='word_1_194' title='bbox 1051 4009 1176 4088; x_wconf 86' lang='lat' dir='ltr'>grates,</span> 
     </span>
    </p>
   </div>
   <div class='ocr_carea' id='block_1_4' title="bbox 0 0 1498 5138">
    <p class='ocr_par' dir='ltr' id='par_1_4' title="bbox 0 0 1498 5138">
     <span class='ocr_line' id='line_1_30' title="bbox 0 0 1498 5138; baseline 0 2"><span class='ocrx_word' id='word_1_195' title='bbox 0 0 1498 5138; x_wconf 95' lang='lat' dir='ltr'> </span> 
     </span>
    </p>
   </div>
  </div>
 </body>
</html>
