<?xml version="1.0" encoding="UTF-8"?>
<!DOCTYPE html PUBLIC "-//W3C//DTD XHTML 1.0 Transitional//EN"
    "http://www.w3.org/TR/xhtml1/DTD/xhtml1-transitional.dtd">
<html xmlns="http://www.w3.org/1999/xhtml" xml:lang="en" lang="en">
 <head>
  <title>
</title>
<meta http-equiv="Content-Type" content="text/html;charset=utf-8" />
  <meta name='ocr-system' content='tesseract 3.04.00' />
  <meta name='ocr-capabilities' content='ocr_page ocr_carea ocr_par ocr_line ocrx_word'/>
</head>
<body>
  <div class='ocr_page' id='page_1' title='image "./ccorneliitaciti03ernegoog_0279.png"; bbox 0 0 2986 5138; ppageno 0'>
   <div class='ocr_carea' id='block_1_1' title="bbox 336 567 1124 642">
    <p class='ocr_par' dir='ltr' id='par_1_1' title="bbox 336 567 1124 642">
     <span class='ocr_line' id='line_1_1' title="bbox 336 567 1124 642; baseline -0.004 0"><span class='ocrx_word' id='word_1_1' title='bbox 336 595 406 642; x_wconf 85' lang='lat'>222</span> <span class='ocrx_word' id='word_1_2' title='bbox 602 567 643 640; x_wconf 89' lang='lat' dir='ltr'>C.</span> <span class='ocrx_word' id='word_1_3' title='bbox 669 567 913 641; x_wconf 78' lang='lat' dir='ltr'>Conuaarr</span> <span class='ocrx_word' id='word_1_4' title='bbox 944 567 1124 640; x_wconf 72' lang='lat' dir='ltr'>Tacrrt</span> 
     </span>
    </p>
   </div>
   <div class='ocr_carea' id='block_1_2' title="bbox 323 738 1309 4045">
    <p class='ocr_par' dir='ltr' id='par_1_2' title="bbox 323 738 1309 4045">
     <span class='ocr_line' id='line_1_2' title="bbox 328 738 1309 838; baseline 0.002 -27"><span class='ocrx_word' id='word_1_5' title='bbox 328 746 355 782; x_wconf 90' lang='lat'><strong>“</strong></span> <span class='ocrx_word' id='word_1_6' title='bbox 374 741 469 812; x_wconf 89' lang='lat' dir='ltr'>lam’&#39;</span> <span class='ocrx_word' id='word_1_7' title='bbox 499 739 660 831; x_wconf 89' lang='lat' dir='ltr'>reserens,</span> <span class='ocrx_word' id='word_1_8' title='bbox 688 739 933 838; x_wconf 90' lang='lat' dir='ltr'>“dandosque</span> <span class='ocrx_word' id='word_1_9' title='bbox 962 741 1041 813; x_wconf 87' lang='lat' dir='ltr'>vitae</span> <span class='ocrx_word' id='word_1_10' title='bbox 1058 739 1149 827; x_wconf 86' lang='lat' dir='ltr'>usus,</span> <span class='ocrx_word' id='word_1_11' title='bbox 1168 738 1224 811; x_wconf 92' lang='lat' dir='ltr'>cui</span> <span class='ocrx_word' id='word_1_12' title='bbox 1236 738 1309 813; x_wconf 87' lang='lat' dir='ltr'>vita</span> 
     </span>
     <span class='ocr_line' id='line_1_3' title="bbox 327 860 1305 957; baseline 0 -25"><span class='ocrx_word' id='word_1_13' title='bbox 327 867 354 902; x_wconf 91' lang='lat'><strong>“</strong></span> <span class='ocrx_word' id='word_1_14' title='bbox 372 860 654 934; x_wconf 88' lang='lat' dir='ltr'>concederetur.’&#39;</span> <span class='ocrx_word' id='word_1_15' title='bbox 704 863 757 933; x_wconf 91' lang='lat' dir='ltr'>Ita</span> <span class='ocrx_word' id='word_1_16' title='bbox 785 863 928 932; x_wconf 84' lang='lat' dir='ltr'>Serenus</span> <span class='ocrx_word' id='word_1_17' title='bbox 955 864 1158 957; x_wconf 87' lang='lat' dir='ltr'>Amorgum</span> <span class='ocrx_word' id='word_1_18' title='bbox 1187 884 1305 957; x_wconf 90' lang='lat' dir='ltr'>repor-</span> 
     </span>
     <span class='ocr_line' id='line_1_4' title="bbox 325 976 1308 1076; baseline 0.002 -28"><span class='ocrx_word' id='word_1_19' title='bbox 325 997 427 1050; x_wconf 89' lang='lat' dir='ltr'>tatur.</span> <span class='ocrx_word' id='word_1_20' title='bbox 479 983 524 1051; x_wconf 88' lang='lat' dir='ltr'>Et</span> <span class='ocrx_word' id='word_1_21' title='bbox 569 979 653 1076; x_wconf 91' lang='lat' dir='ltr'>quia</span> <span class='ocrx_word' id='word_1_22' title='bbox 692 981 868 1051; x_wconf 84' lang='lat' dir='ltr'>Cornutus</span> <span class='ocrx_word' id='word_1_23' title='bbox 894 976 950 1050; x_wconf 70' lang='lat' dir='ltr'>sua</span> <span class='ocrx_word' id='word_1_24' title='bbox 981 1003 1089 1050; x_wconf 86' lang='lat' dir='ltr'>manu</span> <span class='ocrx_word' id='word_1_25' title='bbox 1120 976 1308 1069; x_wconf 86' lang='lat' dir='ltr'>ceciderat,</span> 
     </span>
     <span class='ocr_line' id='line_1_5' title="bbox 326 1095 1307 1193; baseline 0.002 -25"><span class='ocrx_word' id='word_1_26' title='bbox 326 1104 354 1140; x_wconf 92' lang='lat'><strong>“</strong></span> <span class='ocrx_word' id='word_1_27' title='bbox 373 1100 490 1169; x_wconf 64' lang='lat' dir='ltr'>aslum</span> <span class='ocrx_word' id='word_1_28' title='bbox 523 1098 568 1168; x_wconf 90' lang='lat' dir='ltr'>de</span> <span class='ocrx_word' id='word_1_29' title='bbox 602 1097 751 1193; x_wconf 85' lang='lat' dir='ltr'>praemiis</span> <span class='ocrx_word' id='word_1_30' title='bbox 785 1095 1023 1169; x_wconf 84' lang='lat' dir='ltr'>accusatorum</span> <span class='ocrx_word' id='word_1_31' title='bbox 1051 1097 1245 1187; x_wconf 86' lang='lat' dir='ltr'>abolendis,</span> <span class='ocrx_word' id='word_1_32' title='bbox 1282 1103 1307 1170; x_wconf 86' lang='lat' dir='ltr'>fi</span> 
     </span>
     <span class='ocr_line' id='line_1_6' title="bbox 327 1214 1306 1313; baseline 0.001 -25"><span class='ocrx_word' id='word_1_33' title='bbox 327 1222 353 1258; x_wconf 93' lang='lat'><strong>“</strong></span> <span class='ocrx_word' id='word_1_34' title='bbox 372 1215 450 1312; x_wconf 91' lang='lat' dir='ltr'>quis</span> <span class='ocrx_word' id='word_1_35' title='bbox 468 1215 646 1313; x_wconf 85' lang='lat' dir='ltr'>majestatis</span> <span class='ocrx_word' id='word_1_36' title='bbox 667 1215 853 1312; x_wconf 89' lang='lat' dir='ltr'>postulatus</span> <span class='ocrx_word' id='word_1_37' title='bbox 870 1236 949 1288; x_wconf 90' lang='lat' dir='ltr'>ante</span> <span class='ocrx_word' id='word_1_38' title='bbox 975 1214 1165 1311; x_wconf 64' lang='lat' dir='ltr'>persedum</span> <span class='ocrx_word' id='word_1_39' title='bbox 1175 1214 1306 1313; x_wconf 89' lang='lat' dir='ltr'>judici-</span> 
     </span>
     <span class='ocr_line' id='line_1_7' title="bbox 327 1334 1305 1431; baseline 0.001 -23"><span class='ocrx_word' id='word_1_40' title='bbox 327 1342 355 1378; x_wconf 89' lang='lat'>“</span> <span class='ocrx_word' id='word_1_41' title='bbox 373 1363 435 1408; x_wconf 93' lang='lat' dir='ltr'>um</span> <span class='ocrx_word' id='word_1_42' title='bbox 457 1334 489 1408; x_wconf 91' lang='lat' dir='ltr'>se</span> <span class='ocrx_word' id='word_1_43' title='bbox 507 1335 576 1431; x_wconf 89' lang='lat' dir='ltr'>ipse</span> <span class='ocrx_word' id='word_1_44' title='bbox 593 1335 664 1408; x_wconf 69' lang='lat' dir='ltr'>vita</span> <span class='ocrx_word' id='word_1_45' title='bbox 683 1335 879 1430; x_wconf 86' lang='lat' dir='ltr'>privavillet</span> <span class='ocrx_word' id='word_1_46' title='bbox 896 1338 932 1407; x_wconf 88' lang='lat'>:’&#39;</span> <span class='ocrx_word' id='word_1_47' title='bbox 958 1335 1144 1431; x_wconf 81' lang='lat' dir='ltr'>ibaturque</span> <span class='ocrx_word' id='word_1_48' title='bbox 1174 1335 1209 1407; x_wconf 89' lang='lat' dir='ltr'>in</span> <span class='ocrx_word' id='word_1_49' title='bbox 1226 1360 1305 1409; x_wconf 87' lang='lat' dir='ltr'>earn</span> 
     </span>
     <span class='ocr_line' id='line_1_8' title="bbox 323 1452 1304 1552; baseline 0.001 -25"><span class='ocrx_word' id='word_1_50' title='bbox 323 1452 536 1543; x_wconf 84' lang='lat' dir='ltr'>sententiam,</span> <span class='ocrx_word' id='word_1_51' title='bbox 580 1454 615 1526; x_wconf 91' lang='lat' dir='ltr'>ni</span> <span class='ocrx_word' id='word_1_52' title='bbox 652 1455 772 1526; x_wconf 81' lang='lat' dir='ltr'>durius</span> <span class='ocrx_word' id='word_1_53' title='bbox 801 1476 990 1552; x_wconf 88' lang='lat' dir='ltr'>contraque</span> <span class='ocrx_word' id='word_1_54' title='bbox 1023 1479 1158 1526; x_wconf 90' lang='lat' dir='ltr'>morem</span> <span class='ocrx_word' id='word_1_55' title='bbox 1202 1454 1304 1529; x_wconf 88' lang='lat' dir='ltr'>suum</span> 
     </span>
     <span class='ocr_line' id='line_1_9' title="bbox 326 1572 1306 1670; baseline 0.003 -26"><span class='ocrx_word' id='word_1_56' title='bbox 326 1573 441 1668; x_wconf 88' lang='lat' dir='ltr'>palam</span> <span class='ocrx_word' id='word_1_57' title='bbox 478 1595 540 1670; x_wconf 93' lang='lat' dir='ltr'>pro</span> <span class='ocrx_word' id='word_1_58' title='bbox 573 1572 822 1647; x_wconf 88' lang='lat' dir='ltr'>accusatoribus</span> <span class='ocrx_word' id='word_1_59' title='bbox 849 1572 974 1663; x_wconf 79' lang='lat' dir='ltr'>Caesar,</span> <span class='ocrx_word' id='word_1_60' title='bbox 1002 1578 1029 1614; x_wconf 87' lang='lat'>“</span> <span class='ocrx_word' id='word_1_61' title='bbox 1047 1572 1164 1646; x_wconf 90' lang='lat' dir='ltr'>inritas</span> <span class='ocrx_word' id='word_1_62' title='bbox 1196 1574 1306 1670; x_wconf 85' lang='lat' dir='ltr'>leges,</span> 
     </span>
     <span class='ocr_line' id='line_1_10' title="bbox 328 1691 1303 1791; baseline 0.003 -28"><span class='ocrx_word' id='word_1_63' title='bbox 328 1691 629 1791; x_wconf 88' lang='lat' dir='ltr'>“rempublicam</span> <span class='ocrx_word' id='word_1_64' title='bbox 665 1692 699 1764; x_wconf 91' lang='lat' dir='ltr'>in</span> <span class='ocrx_word' id='word_1_65' title='bbox 735 1692 926 1789; x_wconf 85' lang='lat' dir='ltr'>ptaecipiti&#39;&#39;</span> <span class='ocrx_word' id='word_1_66' title='bbox 962 1691 1167 1788; x_wconf 89' lang='lat' dir='ltr'>conquestus</span> <span class='ocrx_word' id='word_1_67' title='bbox 1194 1695 1303 1766; x_wconf 85' lang='lat' dir='ltr'>esset:</span> 
     </span>
     <span class='ocr_line' id='line_1_11' title="bbox 327 1808 1303 1909; baseline 0.005 -26"><span class='ocrx_word' id='word_1_68' title='bbox 327 1817 355 1854; x_wconf 88' lang='lat'><strong>“</strong></span> <span class='ocrx_word' id='word_1_69' title='bbox 373 1810 608 1885; x_wconf 86' lang='lat' dir='ltr'>subverterent</span> <span class='ocrx_word' id='word_1_70' title='bbox 626 1812 740 1907; x_wconf 72' lang='lat' dir='ltr'>potins</span> <span class='ocrx_word' id='word_1_71' title='bbox 754 1808 847 1907; x_wconf 89' lang='lat' dir='ltr'>jura,</span> <span class='ocrx_word' id='word_1_72' title='bbox 874 1813 982 1909; x_wconf 74' lang='lat' dir='ltr'>quam</span> <span class='ocrx_word' id='word_1_73' title='bbox 1003 1810 1163 1884; x_wconf 90' lang='lat' dir='ltr'>custodes</span> <span class='ocrx_word' id='word_1_74' title='bbox 1180 1837 1303 1888; x_wconf 87' lang='lat' dir='ltr'>eorum</span> 
     </span>
     <span class='ocr_line' id='line_1_12' title="bbox 327 1931 1305 2027; baseline 0.003 -24"><span class='ocrx_word' id='word_1_75' title='bbox 327 1937 355 1975; x_wconf 88' lang='lat'><strong>“</strong></span> <span class='ocrx_word' id='word_1_76' title='bbox 374 1933 611 2005; x_wconf 89' lang='lat' dir='ltr'>amoverent.”</span> <span class='ocrx_word' id='word_1_77' title='bbox 659 1931 714 2005; x_wconf 88' lang='lat' dir='ltr'>Sic</span> <span class='ocrx_word' id='word_1_78' title='bbox 743 1932 925 2020; x_wconf 84' lang='lat' dir='ltr'>delatores,</span> <span class='ocrx_word' id='word_1_79' title='bbox 971 1955 1081 2027; x_wconf 86' lang='lat' dir='ltr'>genus</span> <span class='ocrx_word' id='word_1_80' title='bbox 1117 1931 1305 2006; x_wconf 87' lang='lat' dir='ltr'>hominum</span> 
     </span>
     <span class='ocr_line' id='line_1_13' title="bbox 327 2049 1303 2149; baseline 0.003 -26"><span class='ocrx_word' id='word_1_81' title='bbox 327 2049 470 2149; x_wconf 89' lang='lat' dir='ltr'>publico</span> <span class='ocrx_word' id='word_1_82' title='bbox 492 2050 599 2124; x_wconf 86' lang='lat' dir='ltr'>exitio</span> <span class='ocrx_word' id='word_1_83' title='bbox 625 2071 811 2147; x_wconf 90' lang='lat' dir='ltr'>repertum,</span> <span class='ocrx_word' id='word_1_84' title='bbox 838 2054 872 2123; x_wconf 76' lang='grc' dir='ltr'>δι</span> <span class='ocrx_word' id='word_1_85' title='bbox 891 2049 1006 2146; x_wconf 88' lang='lat' dir='ltr'>poenis</span> <span class='ocrx_word' id='word_1_86' title='bbox 1032 2049 1176 2147; x_wconf 89' lang='lat' dir='ltr'>quidem</span> <span class='ocrx_word' id='word_1_87' title='bbox 1199 2078 1303 2126; x_wconf 79' lang='lat' dir='ltr'>nunt·</span> 
     </span>
     <span class='ocr_line' id='line_1_14' title="bbox 324 2168 1264 2266; baseline 0.002 -25"><span class='ocrx_word' id='word_1_88' title='bbox 324 2195 432 2266; x_wconf 90' lang='lat' dir='ltr'>quam</span> <span class='ocrx_word' id='word_1_89' title='bbox 458 2169 536 2242; x_wconf 89' lang='lat' dir='ltr'>satis</span> <span class='ocrx_word' id='word_1_90' title='bbox 553 2169 758 2259; x_wconf 86' lang='lat' dir='ltr'>co&#39;e&#39;rcitum,</span> <span class='ocrx_word' id='word_1_91' title='bbox 786 2195 845 2265; x_wconf 91' lang='lat' dir='ltr'>per</span> <span class='ocrx_word' id='word_1_92' title='bbox 863 2168 1004 2265; x_wconf 85' lang='lat' dir='ltr'>praemia</span> <span class='ocrx_word' id='word_1_93' title='bbox 1027 2168 1264 2243; x_wconf 90' lang='lat' dir='ltr'>eliciebantur.</span> 
     </span>
     <span class='ocr_line' id='line_1_15' title="bbox 375 2288 1304 2386; baseline 0.001 -25"><span class='ocrx_word' id='word_1_94' title='bbox 375 2288 516 2361; x_wconf 85' lang='lat' dir='ltr'><strong>XXXI.</strong></span> <span class='ocrx_word' id='word_1_95' title='bbox 543 2290 622 2362; x_wconf 90' lang='lat' dir='ltr'>Hts</span> <span class='ocrx_word' id='word_1_96' title='bbox 667 2309 738 2360; x_wconf 91' lang='lat' dir='ltr'>tam</span> <span class='ocrx_word' id='word_1_97' title='bbox 775 2288 937 2378; x_wconf 74' lang='lat' dir='ltr'>adsiduis,</span> <span class='ocrx_word' id='word_1_98' title='bbox 981 2309 1124 2386; x_wconf 89' lang='lat' dir='ltr'>tamque</span> <span class='ocrx_word' id='word_1_99' title='bbox 1162 2289 1304 2380; x_wconf 75' lang='lat' dir='ltr'>maestiS,</span> 
     </span>
     <span class='ocr_line' id='line_1_16' title="bbox 326 2404 1302 2504; baseline -0.001 -22"><span class='ocrx_word' id='word_1_100' title='bbox 326 2404 467 2482; x_wconf 87' lang='lat' dir='ltr'>modica</span> <span class='ocrx_word' id='word_1_101' title='bbox 490 2405 607 2478; x_wconf 87' lang='lat' dir='ltr'>laetitia</span> <span class='ocrx_word' id='word_1_102' title='bbox 630 2404 843 2503; x_wconf 70' lang='lat' dir='ltr'>interjicitur,</span> <span class='ocrx_word' id='word_1_103' title='bbox 886 2406 983 2504; x_wconf 80' lang='lat' dir='ltr'>quod</span> <span class='ocrx_word' id='word_1_104' title='bbox 1007 2408 1050 2478; x_wconf 92' lang='lat' dir='ltr'>C.</span> <span class='ocrx_word' id='word_1_105' title='bbox 1082 2406 1302 2499; x_wconf 88' lang='lat' dir='ltr'>Cominium,</span> 
     </span>
     <span class='ocr_line' id='line_1_17' title="bbox 325 2523 1301 2622; baseline 0.002 -25"><span class='ocrx_word' id='word_1_106' title='bbox 325 2523 478 2620; x_wconf 87' lang='lat' dir='ltr'>equitem</span> <span class='ocrx_word' id='word_1_107' title='bbox 497 2527 714 2613; x_wconf 85' lang='lat' dir='ltr'>Romanum,</span> <span class='ocrx_word' id='word_1_108' title='bbox 742 2527 892 2622; x_wconf 79' lang='lat' dir='ltr'>probrosa</span> <span class='ocrx_word' id='word_1_109' title='bbox 909 2526 945 2598; x_wconf 93' lang='lat' dir='ltr'>in</span> <span class='ocrx_word' id='word_1_110' title='bbox 969 2525 1002 2598; x_wconf 94' lang='lat' dir='ltr'>se</span> <span class='ocrx_word' id='word_1_111' title='bbox 1026 2525 1189 2597; x_wconf 89' lang='lat' dir='ltr'>carminis</span> <span class='ocrx_word' id='word_1_112' title='bbox 1214 2552 1301 2599; x_wconf 91' lang='lat' dir='ltr'>con-</span> 
     </span>
     <span class='ocr_line' id='line_1_18' title="bbox 324 2640 1300 2740; baseline -0.001 -23"><span class='ocrx_word' id='word_1_113' title='bbox 324 2641 473 2730; x_wconf 75' lang='lat' dir='ltr'>vietum,</span> <span class='ocrx_word' id='word_1_114' title='bbox 500 2640 611 2713; x_wconf 85' lang='lat' dir='ltr'>Caesar</span> <span class='ocrx_word' id='word_1_115' title='bbox 627 2642 784 2737; x_wconf 90' lang='lat' dir='ltr'>precibus</span> <span class='ocrx_word' id='word_1_116' title='bbox 816 2642 939 2733; x_wconf 87' lang='lat' dir='ltr'>fratris,</span> <span class='ocrx_word' id='word_1_117' title='bbox 967 2645 1027 2740; x_wconf 91' lang='lat' dir='ltr'>qui</span> <span class='ocrx_word' id='word_1_118' title='bbox 1054 2642 1188 2716; x_wconf 89' lang='lat' dir='ltr'>senator</span> <span class='ocrx_word' id='word_1_119' title='bbox 1213 2664 1300 2733; x_wconf 88' lang='lat' dir='ltr'>erat,</span> 
     </span>
     <span class='ocr_line' id='line_1_19' title="bbox 324 2759 1301 2859; baseline 0 -24"><span class='ocrx_word' id='word_1_120' title='bbox 324 2759 494 2835; x_wconf 81' lang='lat' dir='ltr'>concedit.</span> <span class='ocrx_word' id='word_1_121' title='bbox 545 2760 627 2857; x_wconf 69' lang='lat' dir='ltr'>Qui</span> <span class='ocrx_word' id='word_1_122' title='bbox 645 2761 756 2858; x_wconf 84' lang='lat' dir='ltr'>magis</span> <span class='ocrx_word' id='word_1_123' title='bbox 775 2763 900 2835; x_wconf 87' lang='lat' dir='ltr'>mirum</span> <span class='ocrx_word' id='word_1_124' title='bbox 924 2765 1125 2853; x_wconf 86' lang='lat' dir='ltr'>habebatur,</span> <span class='ocrx_word' id='word_1_125' title='bbox 1153 2789 1301 2859; x_wconf 86' lang='lat' dir='ltr'>gnarum</span> 
     </span>
     <span class='ocr_line' id='line_1_20' title="bbox 331 2878 1302 2978; baseline 0.002 -26"><span class='ocrx_word' id='word_1_126' title='bbox 331 2880 531 2969; x_wconf 87' lang='lat' dir='ltr'>meliorum,</span> <span class='ocrx_word' id='word_1_127' title='bbox 576 2886 608 2952; x_wconf 86' lang='lat'>&amp;</span> <span class='ocrx_word' id='word_1_128' title='bbox 654 2908 731 2977; x_wconf 88' lang='lat' dir='ltr'>quae</span> <span class='ocrx_word' id='word_1_129' title='bbox 774 2878 867 2952; x_wconf 87' lang='lat' dir='ltr'>sama</span> <span class='ocrx_word' id='word_1_130' title='bbox 895 2882 1115 2953; x_wconf 88' lang='lat' dir='ltr'>clementiam</span> <span class='ocrx_word' id='word_1_131' title='bbox 1148 2881 1302 2978; x_wconf 89' lang='lat' dir='ltr'>sequere-</span> 
     </span>
     <span class='ocr_line' id='line_1_21' title="bbox 324 2999 1301 3097; baseline 0.002 -26"><span class='ocrx_word' id='word_1_132' title='bbox 324 3019 393 3089; x_wconf 88' lang='lat' dir='ltr'>tur,</span> <span class='ocrx_word' id='word_1_133' title='bbox 420 2999 565 3072; x_wconf 87' lang='lat' dir='ltr'>tristiora</span> <span class='ocrx_word' id='word_1_134' title='bbox 593 3002 718 3072; x_wconf 91' lang='lat' dir='ltr'>malle:</span> <span class='ocrx_word' id='word_1_135' title='bbox 747 3000 975 3097; x_wconf 90' lang='lat' dir='ltr'>nequeenim</span> <span class='ocrx_word' id='word_1_136' title='bbox 1000 3000 1153 3073; x_wconf 70' lang='lat' dir='ltr'>socordia</span> <span class='ocrx_word' id='word_1_137' title='bbox 1180 3027 1301 3097; x_wconf 88' lang='lat' dir='ltr'>pecca-</span> 
     </span>
     <span class='ocr_line' id='line_1_22' title="bbox 324 3119 1298 3215; baseline 0.001 -25"><span class='ocrx_word' id='word_1_138' title='bbox 324 3121 405 3202; x_wconf 82' lang='lat' dir='ltr'>bat3</span> <span class='ocrx_word' id='word_1_139' title='bbox 442 3143 505 3192; x_wconf 89' lang='lat' dir='ltr'>nec</span> <span class='ocrx_word' id='word_1_140' title='bbox 547 3122 724 3191; x_wconf 86' lang='lat' dir='ltr'>occultum</span> <span class='ocrx_word' id='word_1_141' title='bbox 758 3120 818 3207; x_wconf 88' lang='lat' dir='ltr'>est,</span> <span class='ocrx_word' id='word_1_142' title='bbox 868 3121 1008 3215; x_wconf 90' lang='lat' dir='ltr'>quando</span> <span class='ocrx_word' id='word_1_143' title='bbox 1054 3146 1097 3191; x_wconf 81' lang='lat' dir='ltr'>ex</span> <span class='ocrx_word' id='word_1_144' title='bbox 1143 3119 1298 3209; x_wconf 78' lang='lat' dir='ltr'>veritate,</span> 
     </span>
     <span class='ocr_line' id='line_1_23' title="bbox 325 3238 1296 3334; baseline 0.003 -25"><span class='ocrx_word' id='word_1_145' title='bbox 325 3238 466 3334; x_wconf 88' lang='lat' dir='ltr'>quando</span> <span class='ocrx_word' id='word_1_146' title='bbox 516 3240 721 3310; x_wconf 69' lang='lat' dir='ltr'>adumbrata</span> <span class='ocrx_word' id='word_1_147' title='bbox 761 3238 888 3327; x_wconf 71' lang='lat' dir='ltr'>laetitia,</span> <span class='ocrx_word' id='word_1_148' title='bbox 927 3238 1014 3310; x_wconf 69' lang='lat' dir='ltr'>sasla</span> <span class='ocrx_word' id='word_1_149' title='bbox 1048 3238 1296 3333; x_wconf 87' lang='lat' dir='ltr'>imperatorum</span> 
     </span>
     <span class='ocr_line' id='line_1_24' title="bbox 324 3356 1296 3453; baseline 0.001 -24"><span class='ocrx_word' id='word_1_150' title='bbox 324 3360 562 3429; x_wconf 84' lang='lat' dir='ltr'>celebrentur:</span> <span class='ocrx_word' id='word_1_151' title='bbox 592 3357 676 3453; x_wconf 92' lang='lat' dir='ltr'>quin</span> <span class='ocrx_word' id='word_1_152' title='bbox 703 3356 772 3452; x_wconf 91' lang='lat' dir='ltr'>ipse</span> <span class='ocrx_word' id='word_1_153' title='bbox 791 3361 999 3452; x_wconf 74' lang='lat' dir='ltr'>compositus</span> <span class='ocrx_word' id='word_1_154' title='bbox 1025 3357 1121 3445; x_wconf 78' lang='lat' dir='ltr'>alias,</span> <span class='ocrx_word' id='word_1_155' title='bbox 1150 3361 1296 3431; x_wconf 86' lang='lat' dir='ltr'>&amp;velut</span> 
     </span>
     <span class='ocr_line' id='line_1_25' title="bbox 324 3475 1301 3573; baseline 0 -26"><span class='ocrx_word' id='word_1_156' title='bbox 324 3475 551 3548; x_wconf 65' lang='lat' dir='ltr'>eludantiurn</span> <span class='ocrx_word' id='word_1_157' title='bbox 599 3479 798 3566; x_wconf 83' lang='lat' dir='ltr'>verborum,</span> <span class='ocrx_word' id='word_1_158' title='bbox 854 3476 995 3548; x_wconf 84' lang='lat' dir='ltr'>solutiirs</span> <span class='ocrx_word' id='word_1_159' title='bbox 1037 3475 1301 3573; x_wconf 77' lang='lat' dir='ltr'>promptiusque</span> 
     </span>
     <span class='ocr_line' id='line_1_26' title="bbox 324 3594 1298 3691; baseline -0.001 -24"><span class='ocrx_word' id='word_1_160' title='bbox 324 3598 565 3691; x_wconf 87' lang='lat' dir='ltr'>eloquebatur,</span> <span class='ocrx_word' id='word_1_161' title='bbox 608 3594 767 3690; x_wconf 92' lang='lat' dir='ltr'>quotiens</span> <span class='ocrx_word' id='word_1_162' title='bbox 800 3595 1005 3668; x_wconf 87' lang='lat' dir='ltr'>subveniret.</span> <span class='ocrx_word' id='word_1_163' title='bbox 1076 3600 1126 3666; x_wconf 83' lang='lat' dir='ltr'>At</span> <span class='ocrx_word' id='word_1_164' title='bbox 1156 3599 1194 3666; x_wconf 92' lang='lat' dir='ltr'>P.</span> <span class='ocrx_word' id='word_1_165' title='bbox 1223 3596 1298 3666; x_wconf 88' lang='lat' dir='ltr'>Sui-</span> 
     </span>
     <span class='ocr_line' id='line_1_27' title="bbox 323 3713 1297 3809; baseline 0.003 -25"><span class='ocrx_word' id='word_1_166' title='bbox 323 3713 423 3802; x_wconf 88' lang='lat' dir='ltr'>lium,</span> <span class='ocrx_word' id='word_1_167' title='bbox 451 3713 657 3808; x_wconf 65' lang='lat' dir='ltr'>quaestorem</span> <span class='ocrx_word' id='word_1_168' title='bbox 687 3716 867 3809; x_wconf 88' lang='lat' dir='ltr'>quondam</span> <span class='ocrx_word' id='word_1_169' title='bbox 885 3713 1097 3803; x_wconf 87' lang='lat' dir='ltr'>Germanici,</span> <span class='ocrx_word' id='word_1_170' title='bbox 1131 3715 1297 3787; x_wconf 82' lang='lat' dir='ltr'>ciunlta-</span> 
     </span>
     <span class='ocr_line' id='line_1_28' title="bbox 324 3832 1298 3930; baseline 0 -27"><span class='ocrx_word' id='word_1_171' title='bbox 324 3832 368 3903; x_wconf 73' lang='lat' dir='ltr'>tia</span> <span class='ocrx_word' id='word_1_172' title='bbox 396 3852 581 3919; x_wconf 87' lang='lat' dir='ltr'>arceretur,</span> <span class='ocrx_word' id='word_1_173' title='bbox 609 3832 790 3904; x_wconf 73' lang='lat' dir='ltr'>convic‘lus</span> <span class='ocrx_word' id='word_1_174' title='bbox 824 3834 1012 3928; x_wconf 89' lang='lat' dir='ltr'>pecuniam</span> <span class='ocrx_word' id='word_1_175' title='bbox 1035 3837 1080 3905; x_wconf 93' lang='lat' dir='ltr'>ob</span> <span class='ocrx_word' id='word_1_176' title='bbox 1110 3859 1183 3905; x_wconf 89' lang='lat' dir='ltr'>rem</span> <span class='ocrx_word' id='word_1_177' title='bbox 1204 3833 1298 3930; x_wconf 88' lang='lat' dir='ltr'>judi·</span> 
     </span>
     <span class='ocr_line' id='line_1_29' title="bbox 323 3950 1297 4045; baseline 0.001 -20"><span class='ocrx_word' id='word_1_178' title='bbox 323 3951 471 4025; x_wconf 80' lang='lat' dir='ltr'>eandam</span> <span class='ocrx_word' id='word_1_179' title='bbox 512 3950 650 4045; x_wconf 74' lang='lat' dir='ltr'>cepisse,</span> <span class='ocrx_word' id='word_1_180' title='bbox 702 3956 996 4027; x_wconf 86' lang='lat' dir='ltr'>“amovendum</span> <span class='ocrx_word' id='word_1_181' title='bbox 1045 3955 1081 4026; x_wconf 92' lang='lat' dir='ltr'>in</span> <span class='ocrx_word' id='word_1_182' title='bbox 1127 3952 1297 4029; x_wconf 85' lang='lat' dir='ltr'>insulam&#39;&#39;</span> 
     </span>
    </p>
   </div>
   <div class='ocr_carea' id='block_1_3' title="bbox 0 0 1498 5138">
    <p class='ocr_par' dir='ltr' id='par_1_3' title="bbox 0 0 1498 5138">
     <span class='ocr_line' id='line_1_30' title="bbox 0 0 1498 5138; baseline 0 1"><span class='ocrx_word' id='word_1_183' title='bbox 0 0 1498 5138; x_wconf 95' lang='lat' dir='ltr'> </span> 
     </span>
    </p>
   </div>
  </div>
 </body>
</html>
