2986 5138
326 580 371 647 42
526 551 1118 626 C.Conuar.11Tacrr1

325 742 379 793 tor
393 720 526 794 adsuit:
557 722 713 818 permissa
730 723 838 820 vulgo
861 720 999 793 licentia
1026 738 1130 815 atque
1150 718 1288 793 ultio&

324 840 466 913 satietas.
492 845 585 913 Mox
609 841 772 938 ingreffus
789 841 893 914 castra
910 837 1150 927 Germanicus,
1179 845 1206 881 “
1220 865 1290 912 non

326 961 574 1033 “medicinam
593 961 703 1033 illud’'
721 960 877 1057 plurimis
898 983 981 1031 cum
1003 955 1164 1045 lacrimis,
1192 965 1219 999 “
1232 956 1292 1030 sed

323 1087 350 1121 “
365 1081 524 1151 cladem''
552 1081 741 1176 appellans,
777 1086 803 1121 “
818 1077 959 1151 cremari
991 1077 1157 1172 corpora''
1175 1073 1290 1172 jubet.

323 1202 454 1272 Truces
472 1200 574 1271 etiam
592 1221 667 1272 tum
683 1199 816 1270 animos
833 1197 962 1292 cupido
979 1196 1109 1268 involat
1126 1194 1231 1266 eundi
1252 1195 1290 1266 in

322 1320 468 1406 hostem,
496 1319 671 1414 piaculum
688 1316 825 1389 furoris:
853 1341 917 1388 nec
934 1314 1030 1387 aliter
1052 1315 1145 1409 posse
1163 1312 1289 1409 placari

322 1437 601 1511 commilitonum
629 1462 758 1522 manes,
785 1436 892 1531 quam
911 1437 932 1505 st
950 1431 1142 1527 pedoribus
1172 1432 1289 1529 impiis

322 1557 460 1629 honesta
492 1557 634 1627 vulnera
666 1554 881 1650 accepissent.
941 1551 1099 1647 Sequitur
1130 1552 1289 1623 ardorem

318 1675 471 1747 militum
489 1671 611 1760 Caesar,
631 1672 824 1770 jundoque
848 1691 953 1768 ponte
975 1669 1130 1743 tramittit
1153 1672 1287 1744 duode-

322 1793 391 1866 cim
409 1793 553 1865 milliae
575 1792 783 1889 legionibus,
810 1790 867 1864 sex
894 1788 1070 1886 &viginti
1095 1786 1197 1860 socias
1225 1815 1286 1861 co·

320 1915 448 2000 hortes,
478 1915 556 1984 oclo
583 1912 740 2008 equitum
769 1913 850 1999 alas,
887 1934 1033 2006 quarum
1060 1912 1099 1982 ea
1122 1904 1287 1986 seditione

320 2031 518 2104 intemerata
531 2030 694 2103 modestia
705 2029 781 2103 fuit.

368 2154 414 2224 L.
440 2153 569 2236 LAErr,
596 2175 709 2246 neque
735 2148 869 2244 procul,
905 2148 1068 2221 Germani
1094 2146 1286 2244 agitabant,

319 2270 405 2341 dum
425 2267 556 2364 justitio
572 2269 618 2339 ob
644 2268 804 2339 amillitm
821 2266 1033 2363 Augustum,
1060 2265 1135 2362 post
1161 2265 1287 2339 discor.

318 2387 384 2457 diis
401 2386 595 2457 attinemur.
647 2389 696 2456 At
714 2389 896 2458 Romanus
913 2384 1052 2482 agmine
1069 2411 1215 2482 propero
1232 2388 1285 2458 stl-

317 2528 399 2575 vam
422 2505 563 2576 Caesram
590 2503 807 2599 limitemque
823 2529 843 2575 a
860 2504 1003 2577 Tiberio
1028 2525 1185 2600 coeptum
1198 2502 1285 2578 scin-

318 2621 391 2692 dit:
427 2621 531 2692 castra
559 2621 593 2691 in
622 2620 732 2693 limite
758 2624 869 2694 locat:
905 2621 1051 2694 frontem
1080 2648 1119 2695 ac
1146 2644 1285 2721 tergum

317 2741 423 2827 vallo,
461 2741 564 2813 latera
592 2741 812 2815 concaeclibus
840 2742 1004 2815 munitus.
1065 2744 1151 2816 Inde
1182 2740 1284 2815 saltus

316 2856 474 2930 obscuros
500 2881 664 2954 permeat,
690 2858 928 2957 consultatque
957 2869 1041 2933 “ex
1064 2863 1200 2934 duobus
1229 2862 1284 2934 iti-

318 2984 345 3018 “
358 2977 508 3065 neribus,
535 2981 687 3050 breve&
706 2978 842 3052 solitum
859 2979 1037 3075 sequatur:
1066 3006 1109 3050 an
1135 2979 1285 3077 impedi·

1262 3103 1285 3132 n

317 3104 343 3137 “
359 3095 424 3167 tius
452 3102 483 3167 ἃ
510 3096 728 3186 intentatum,
755 3100 865 3194 eoque
891 3099 1042 3171 hostibus
1069 3099 1258 3171 incautum.

314 3216 457 3289 Deleclal
482 3216 634 3312 longiore
651 3217 719 3304 vili,
745 3237 855 3288 cetera
872 3218 1127 3289 adcelerantur:
1155 3221 1284 3293 etenim

315 3339 496 3408 attulerant
529 3337 756 3431 exploratores
792 3342 817 3378 “
844 3337 961 3408 festam
991 3362 1067 3408 eam
1100 3337 1282 3409 Germanis

316 3465 342 3498 “
362 3459 514 3543 nostem,
541 3482 579 3527 ac
597 3453 818 3528 sollemnibus
839 3454 949 3551 epulis
974 3455 1178 3527 ludicram’'.
1203 3455 1281 3525 Cae,

313 3574 487 3647 cinaeum
506 3574 677 3670 expeditis
694 3574 892 3646 cohortibus
909 3572 1039 3668 praeire,
1065 3574 1102 3643 ἃ
1115 3572 1282 3645 obstantia

315 3697 471 3765 srlvarum
497 3692 804 3788 amolirijubctur:
834 3693 984 3789 legiones
1011 3691 1150 3765 modico
1179 3692 1282 3762 inter-

312 3815 404 3883 vallo
430 3812 626 3907 sequuntur.
689 3812 788 3905 Juvit
816 3839 886 3882 nox
918 3812 1078 3883 sideribus
1107 3810 1277 3881 inlustris:

313 3949 526 4024 ventumque
554 3933 598 4002 ad
623 3923 721 4001 'vicos
748 3927 955 4019 Marsorum,
995 3935 1027 4005 ἃ
1058 3929 1280 4008 circumdatae
