2986 5138
327 648 374 697 20
519 623 561 695 C.
593 622 868 695 Conrrrrr
903 623 1111 696 Tacrrr

377 794 848 875 XIX.Aoornrnsrnn
899 793 1122 866 nihilominus
1170 792 1297 890 cespes,

321 908 465 1010 jamque
498 913 625 1008 pestori
657 911 763 1010 usque
794 915 1001 1004 adcreverat,
1045 912 1126 985 clam
1158 913 1299 985 tandem

328 1030 516 1129 pervicacis
540 1032 621 1105 visti
638 1032 830 1129 incoeptum
846 1033 1002 1105 omisere.
1052 1029 1175 1104 Blaesus
1191 1033 1301 1105 mults

326 1149 464 1223 dicendi
481 1171 564 1239 arte,
596 1153 725 1223 “Non
753 1177 812 1247 per
828 1149 1029 1223 seditionem
1046 1151 1213 1223 &turbas
1237 1152 1299 1223 de·

329 1276 357 1311 “
376 1270 492 1343 fideria
508 1270 657 1344 militum
669 1273 714 1343 ad
723 1268 889 1343 Caesarem
907 1268 1085 1358 ferenda,’'
1100 1268 1169 1341 ait:
1198 1277 1225 1312 “
1238 1295 1298 1342 ne-

327 1395 356 1430 “
374 1415 442 1485 que
454 1410 583 1462 veteres
600 1392 645 1463 ab
662 1389 920 1485 imperatoribus
938 1387 1063 1484 priscis,
1081 1413 1194 1485 neque
1211 1386 1298 1485 ipsos

326 1515 355 1552 “
373 1535 393 1580 a
408 1509 492 1581 divo
509 1508 667 1604 Augusto
683 1530 756 1580 tam
774 1534 864 1580 nova
881 1507 1055 1604 petivisse:
1075 1511 1246 1604 &parum
1264 1507 1299 1578 in

327 1632 356 1668 “
375 1645 529 1722 tempore
547 1627 744 1724 incipientes
770 1626 935 1723 Principis
952 1653 1048 1700 curas
1073 1626 1215 1700 onerari.
1264 1626 1298 1696 Si

327 1751 356 1786 “
374 1765 489 1818 tamen
502 1748 679 1820 tenderent
691 1746 726 1818 in
740 1772 823 1843 pace
835 1765 976 1836 tentare,
994 1772 1071 1842 quae
1089 1771 1132 1817 ne
1144 1744 1298 1818 civilium

327 1870 356 1906 “
375 1864 516 1960 quidem
545 1868 714 1940 bellorum
748 1865 891 1938 vidores
908 1864 1193 1962 expostulaverint
1208 1893 1218 1949 ;
1236 1890 1299 1937 cur

326 1989 355 2025 “
373 2006 491 2058 contra
519 2012 651 2059 morem
679 1984 845 2082 obsequii,
876 2006 994 2058 contra
1020 1983 1069 2058 sas
1096 1982 1296 2080 disciplinae,

286 2101 288 2105 ’
326 2108 356 2145 “
375 2103 447 2177 vim
464 2105 693 2177 meditentur?
712 2106 930 2178 decernerent
948 2107 1091 2202 legatos,
1121 2102 1223 2202 seque
1239 2130 1298 2177 co·

327 2227 446 2295 “ram
463 2225 625 2295 mandata
637 2225 792 2296 darent.''
825 2226 1089 2314 Adclamavere,
1110 2230 1137 2265 “
1156 2244 1193 2296 ut
1210 2223 1298 2296 lilius

326 2344 355 2382 “
372 2342 479 2429 Blaefi,
509 2341 677 2433 tribunus,
712 2342 884 2439 legatione
912 2346 951 2416 es
967 2342 1177 2439 fungeretur,
1203 2365 1298 2439 pete-

327 2465 355 2501 “
373 2479 492 2555 retque
519 2457 683 2534 militibus
701 2461 891 2535 missionem
917 2465 962 2536 ab
986 2460 1158 2535 sexdecim
1175 2462 1295 2534 annis:

328 2582 484 2650 “cetera
515 2582 749 2670 mandaturos,
789 2581 850 2654 ubi
893 2581 1002 2678 prima
1035 2580 1299 2678 provenissent.''

325 2694 484 2775 Profecto
503 2695 646 2793 juvene,
676 2699 854 2773 modicum
879 2699 1015 2776 otium:
1043 2699 1102 2772 sed
1129 2697 1298 2796 superbire

325 2814 438 2904 miles,
469 2816 563 2912 qubd
593 2817 682 2891 silius
716 2819 831 2916 legati,
861 2838 974 2891 orator
1000 2818 1147 2917 publicae
1176 2817 1296 2910 causae,

325 2932 401 3005 satis
419 2936 620 3026 ostenderet,
651 2942 841 3013 necessitate
857 2939 1022 3035 expressa,
1053 2965 1130 3039 quae
1148 2964 1208 3036 per
1223 2966 1299 3013 mo-

325 3053 468 3127 destiam
486 3081 555 3127 non
573 3057 803 3130 obtinuissent.

375 3174 458 3245 XX.
492 3177 669 3247 luterens
688 3175 868 3272 manipuli,
899 3198 979 3251 ante
995 3197 1147 3274 coeptam
1163 3177 1299 3252 seditio-

326 3316 407 3366 nem
420 3294 641 3388 Nauportum
658 3294 743 3366 missr
760 3298 807 3368 ob
818 3295 949 3384 itinera,
964 3301 998 3368 δι
1016 3316 1150 3393 pontes,
1170 3298 1299 3371 &alios

325 3410 416 3502 usus,
447 3412 628 3509 postquam
645 3416 819 3487 turbatum
836 3414 869 3487 in
888 3415 999 3488 castris
1017 3418 1191 3510 accepere,
1215 3441 1299 3487 vex·

326 3530 385 3602 illa
401 3534 624 3605 convellunt:
643 3531 848 3630 direptisque
860 3532 1025 3630 proximis
1042 3532 1138 3621 vicis,
1158 3531 1300 3628 ipsoque

326 3652 523 3746 Nauport0,
555 3655 649 3749 quod
681 3652 860 3749 municipii
876 3652 975 3726 instar
1001 3670 1083 3737 erat,
1117 3649 1298 3722 retinentes

326 3769 539 3842 centuriones
556 3769 656 3843 inrisu
674 3776 707 3843 &
725 3771 953 3860 contumeliis,
985 3766 1154 3867 postremo
1177 3770 1298 3840 verbe-

326 3885 419 3958 ribus
436 3886 659 3965 infestantur:
680 3889 848 3985 praecipus
864 3890 900 3961 in
911 3888 1136 3963 Aufidienum
1147 3883 1297 3975 Rufum,

327 4001 523 4101 praesestum
556 4006 754 4099 castrorum,
788 4007 848 4101 irs,
883 4033 989 4108 quem
1004 4008 1185 4111 dereptum
1201 4005 1298 4079 vehi-
