2986 5138
250 582 298 649 40
432 550 1026 625 C.ConurriiTncrrr

252 732 279 768 “
293 725 379 796 dum
412 727 529 797 adulti
560 725 761 798 austeritate
793 722 977 821 comprimi
1011 742 1140 820 queat:
1175 726 1222 801 ite

253 852 280 887 “
295 844 421 940 ipliim,
457 848 490 916 &
523 870 698 941 opponere
727 843 935 942 majestatem
964 843 1224 939 imperatoriam

253 971 280 1006 “
295 964 450 1036 debuisse
471 964 623 1052 cess'uris,
652 964 713 1036 ubi
730 963 928 1060 Principem
956 965 1061 1061 longi
1086 963 1225 1059 experi-

254 1089 282 1125 “
296 1082 399 1169 entis,
429 1084 666 1180 eumdemque
696 1080 881 1155 severitatis
910 1086 943 1155 δι
976 1081 1226 1155 munificentia:

255 1208 282 1243 “
297 1200 475 1273 summum
497 1200 670 1275 i'idiffent.
704 1206 764 1274 An
782 1200 983 1297 Augustum
1011 1198 1094 1273 fessa
1109 1220 1224 1290 aetate,

256 1320 420 1392 “totiens
449 1319 483 1390 in
509 1318 711 1391 Germanias
736 1344 930 1393 commeare
956 1319 1126 1416 potuisse:
1158 1318 1225 1391 Ti-

255 1446 282 1480 “
297 1439 430 1511 beriiim
458 1438 635 1535 vigentem
652 1437 762 1525 annis,
789 1434 902 1510 sedere
924 1438 960 1510 in
981 1438 1098 1511 senatu
1121 1441 1228 1511 verba

256 1565 434 1651 “patrum
461 1557 707 1629 cavillantem?
737 1554 814 1628 satis
837 1555 1228 1654 prospeslum‘Urbanae

256 1682 282 1716 “
297 1672 471 1750 servituti:
500 1674 703 1747 militaribus
729 1674 853 1748 animis
879 1676 1075 1751 adhibenda
1090 1673 1227 1748 somen-

256 1801 283 1837 “
298 1815 345 1882 ta,
372 1813 410 1865 ut
427 1791 512 1865 ferre
530 1819 651 1889 pacem
671 1794 816 1866 velint.’'

302 1915 453 1988 XLVll.
480 1916 674 1987 liiiioruu
692 1906 850 1987 adverliis
865 1936 923 1985 cos
938 1909 1121 1999 sermones,
1155 1913 1225 1985 fix-

255 2060 387 2130 umque
412 2033 554 2106 Tiberio
579 2031 658 2121 suit,
689 2058 758 2105 non
783 2032 941 2105 omittere
965 2049 1069 2127 caput
1094 2054 1224 2120 rerum,

257 2179 369 2248 neque
385 2152 417 2224 se
434 2178 576 2249 remque
594 2151 771 2249 publicam
788 2151 824 2224 in
847 2148 961 2223 casum
982 2151 1073 2222 dare.
1123 2152 1225 2222 Mul-

255 2291 291 2342 ta
319 2273 449 2368 quippe
478 2276 511 2343 δι
541 2270 672 2344 diversa
699 2272 894 2369 angebant:
934 2266 1132 2340 “validior
1165 2294 1226 2365 per

256 2390 520 2461 “Germaniam
553 2391 747 2475 exercitus:
791 2388 930 2486 propior
960 2388 1055 2484 apud
1086 2389 1224 2461 Panno·

257 2513 283 2548 “
298 2506 415 2578 niam:
447 2508 505 2579 ille
522 2508 714 2581 Galliarum
730 2508 857 2606 opibus
876 2506 1054 2595 subnixus,
1083 2508 1139 2582 hic
1156 2513 1225 2581 lta·

257 2631 284 2667 “
299 2624 351 2697 liae
384 2624 594 2697 imminens:
623 2652 710 2722 quos
739 2628 845 2726 igitur
871 2624 1074 2701 anteferret?
1103 2653 1155 2716 ac,
1182 2654 1226 2701 ne

257 2744 473 2840 “postpositi
507 2746 719 2822 contumeliis
751 2746 1023 2820 incenderentur.
1084 2752 1132 2821 At
1167 2774 1228 2845 per

257 2870 284 2906 “
299 2863 387 2936 filios
404 2863 528 2960 pariter
542 2866 641 2954 adiri,
668 2864 839 2962 majestate
855 2865 960 2955 salvii,
995 2867 1052 2939 cui
1077 2866 1183 2964 major
1208 2896 1229 2944 e

256 2983 492 3080 “longinquo
517 2985 727 3057 reverentia:
756 2987 853 3085 simul
875 2986 1150 3060 adolescentibus
1167 3014 1227 3061 ex-

258 3109 286 3145 “
301 3100 467 3191 cusatiim,
495 3105 654 3199 quaedam
672 3106 716 3176 ad
739 3124 868 3201 patrem
893 3103 1051 3202 rejicere:
1080 3106 1229 3178 resisten-

258 3229 283 3264 “
299 3220 415 3318 tesque
432 3222 654 3312 Gemianico‚
680 3244 737 3296 aut
755 3222 880 3313 Druso,
910 3229 1004 3320 posse
1029 3252 1049 3297 a
1074 3223 1108 3297 se
1133 3225 1226 3297 miti-

259 3349 285 3383 “
302 3341 372 3440 gari
391 3344 446 3414 vel
464 3340 621 3440 infringi:
651 3343 746 3438 quod
774 3342 867 3415 aliud
890 3342 1090 3434 subsidium,
1120 3344 1226 3417 fiini-

260 3469 285 3503 “
301 3482 489 3557 peratorem
506 3461 705 3558 sprevissent
720 3464 760 3535 ?''
785 3462 961 3550 Ceterlim,
987 3482 1027 3533 iit
1043 3460 1119 3560 jam
1134 3460 1226 3558 jam·

259 3605 327 3674 que
362 3582 481 3669 iturus,
520 3581 605 3679 legit
638 3582 794 3670 comites,
837 3580 1044 3676 conquisivit
1076 3580 1227 3676 impedi·

257 3720 387 3785 menta,
414 3700 592 3771 adornavit
618 3726 744 3772 naves:
771 3724 857 3772 mox
883 3700 1049 3790 hiemem,
1079 3719 1139 3771 aut
1168 3724 1228 3771 ne·

259 3815 354 3907 gotia
375 3816 465 3886 varie
487 3815 654 3905 causatus,
680 3817 792 3912 primo
819 3820 1019 3914 prudentes,
1044 3818 1126 3892 dein
1148 3821 1227 3894 vul-

258 3952 358 4021 gum,
382 3931 563 4007 diutissime
580 3935 773 4031 provincias
789 3934 920 4009 fefellit.
