2986 5138
320 600 390 649 210
534 573 1101 648 C.Conuas11Tactrr

318 745 379 842 qui
409 743 566 817 Africam
595 745 828 834 obtinuerant,
857 742 1028 818 insontem
1052 739 1302 840 protexissent,

319 864 523 938 claritudine
551 863 688 937 infausti
719 864 867 964 generis,
898 869 930 937 ὃ(
965 862 1114 960 paternis
1146 860 1304 934 adverfis

318 983 406 1061 soret
430 985 625 1057 abstraslus.

367 1105 466 1176 XIV.
492 1104 526 1175 ls
556 1128 717 1188 041er!
735 1130 844 1177 annus
870 1102 1057 1201 legationes
1091 1104 1302 1174 Gtaecatutn

318 1221 501 1295 civitatum
520 1221 654 1309 habuit,
671 1223 791 1295 Samiis
819 1230 846 1265 “
861 1221 1050 1317 Junonis,''
1069 1218 1153 1292 Cois
1178 1217 1300 1293 “AEs·

320 1349 348 1384 “
366 1340 494 1436 culapii
521 1340 682 1429 delubr0,
709 1341 881 1414 vetustum
899 1339 979 1437 asyli
997 1339 1056 1437 jus
1079 1358 1118 1412 ut
1141 1340 1299 1410 sirmate·
1336 1376 1342 1384 ·

320 1466 349 1501 “
367 1460 464 1546 tur,’'
501 1458 706 1553 petentibus.
756 1460 862 1533 Samii
890 1461 1030 1532 decreto
1057 1456 1299 1554 Amphictyo-

318 1604 404 1652 num
432 1577 642 1666 nitebantur,
668 1566 747 1674 quls
764 1578 980 1675 praecipuum
997 1576 1062 1652 fuit
1079 1602 1193 1650 retum
1216 1602 1299 1649 otn-

320 1696 418 1770 nium
433 1694 623 1791 judicium,
652 1702 721 1794 qual
746 1699 945 1795 tempestate
979 1697 1107 1788 Graeci,
1143 1696 1297 1771 conditis

319 1840 379 1913 per
395 1817 513 1888 Astam
531 1816 687 1907 urbibus,
718 1820 776 1888 ord
803 1817 904 1889 maris
935 1816 1167 1913 potiebantur.
1216 1817 1296 1887 Ne-

319 1960 390 2031 que
416 1933 529 2033 dispar
566 1937 660 2031 apud
690 1936 781 2008 Coos
811 1935 1020 2032 antiquitas3
1045 1940 1079 2008 δι
1104 1935 1296 2009 accedebat

320 2054 483 2129 metitum
512 2081 556 2129 ex
585 2057 675 2128 loco.
725 2055 822 2128 Nam
851 2055 945 2128 cives
964 2060 1145 2128 Romanos
1160 2054 1298 2149 templo

320 2173 512 2270 AEsculapii
545 2174 766 2262 induxerant,
794 2175 891 2262 cum,
909 2173 1002 2271 jussu
1031 2173 1121 2271 regis
1150 2171 1295 2246 Mithri-

319 2293 421 2382 datis,
445 2295 538 2388 apud
568 2295 707 2366 cunetas
737 2297 826 2365 Afiae
856 2291 977 2365 insulas
1007 2297 1041 2365 δι
1065 2294 1168 2364 urbes
1190 2288 1298 2364 truci·

279 2393 282 2398 Ι
320 2413 492 2484 darentur.
541 2410 654 2484 Variis
669 2410 796 2484 dehinc
825 2415 858 2484 δι
887 2409 1007 2506 saepius
1034 2409 1140 2483 inritis
1167 2430 1296 2506 praeto·

319 2556 398 2604 rutn
426 2528 614 2625 questibus,
638 2527 809 2625 postremi)
826 2527 940 2602 Caesar
963 2536 989 2571 “
1003 2532 1049 2602 de
1072 2528 1294 2602 immodestia

323 2656 350 2692 ‘⁶
370 2647 599 2720 histrionum'’
619 2647 745 2721 tetulit.
798 2651 957 2721 “Multa
982 2650 1027 2721 ab
1050 2647 1092 2720 iis
1114 2648 1151 2721 in
1179 2646 1296 2743 publi-

324 2776 352 2812 “
373 2794 454 2841 cunr
473 2764 645 2854 seditiose,
672 2765 767 2840 soeda
786 2793 846 2864 pet
864 2770 988 2840 domos
1004 2765 1143 2840 tentari:
1168 2764 1299 2841 Oscum

323 2895 350 2929 “
370 2887 550 2982 quondam
583 2885 770 2975 ludicrum,
804 2888 977 2960 levilstmae
1017 2888 1112 2983 apud
1145 2887 1295 2984 vulgum

324 3015 350 3049 “
370 3004 624 3093 oblcslationis,
656 3005 697 3077 eb
715 3006 928 3102 flagitiorum
952 3011 983 3078 ἃ
1009 3004 1136 3077 virium
1153 3006 1298 3096 venisse,

327 3133 354 3167 “
373 3145 411 3197 ut
432 3125 633 3196 auctoritate
662 3144 799 3220 patrum
827 3125 1157 3199 coercendums113'
1206 3128 1298 3200 Pulsr

324 3267 400 3318 tum
426 3243 605 3315 histriones
634 3243 741 3316 Italis.

374 3366 454 3436 XV.
480 3365 581 3435 Inani
612 3389 721 3435 annus
749 3361 818 3434 alio
847 3388 988 3458 quoque
1012 3364 1108 3434 luslu
1124 3359 1297 3437 Caesatem

325 3482 458 3569 adficit,
486 3483 633 3553 alterum
666 3507 710 3553 ex
739 3480 887 3577 geminis
912 3483 1010 3553 Drusi
1040 3480 1153 3554 libetis
1172 3481 1297 3553 exstin-

328 3604 493 3700 guendo:
528 3625 640 3694 neque
656 3599 771 3671 minus
790 3619 902 3670 morte
919 3599 1032 3672 amici.
1082 3602 1114 3671 ls
1136 3598 1201 3671 suit
1222 3602 1297 3671 Lu·

327 3723 424 3793 cilius
442 3722 603 3814 Longus,
634 3718 792 3790 omniunt
824 3719 873 3790 illi
896 3719 1041 3791 tristium
1070 3720 1300 3815 laetorumque

328 3840 451 3925 socius,
485 3836 640 3935 unusque
679 3864 698 3909 e
734 3835 942 3910 senatoribus
983 3837 1116 3909 Rhodii
1156 3836 1299 3910 secesssts

328 3981 454 4039 comes.
504 3960 568 4045 lta,
587 3982 802 4054 quamquam
819 3981 912 4030 novo
931 3955 1080 4046 homini,
1104 3954 1299 4035 censorium
