2986 5138
256 542 329 628 284
522 531 1043 607 C.Conunt11Tnc1r1

253 710 290 781 in
314 728 451 804 tempus
468 707 697 806 deligebatur,
721 709 781 806 qui
801 706 860 803 jus
889 709 1060 796 redderet,
1085 731 1126 779 ac
1155 707 1239 781 sub-·

252 826 307 898 itis
333 828 550 899 mederetur:
590 829 774 924 feruntque
800 831 846 900 ab
876 828 1033 900 Romulo
1063 828 1239 899 Dentrem

253 945 480 1035 Romulium,
509 946 584 1041 pust
600 950 644 1019 ab
661 949 771 1019 Tullo
789 946 942 1018 Hostilio
954 948 1113 1018 Numam
1133 946 1239 1016 Mar-

254 1063 363 1152 cium,
394 1066 427 1134 ἃ
453 1066 498 1137 ab
523 1065 717 1160 Tarquinio
740 1066 896 1161 Superbo
912 1064 1077 1161 Spurium
1101 1066 1240 1135 Lucre·

254 1183 344 1254 tium
377 1181 579 1279 impositos:
613 1183 694 1256 dein
719 1183 874 1257 consules
899 1183 1134 1255 mandabant:
1169 1183 1238 1254 du·

253 1321 375 1398 ratque
409 1303 643 1392 simulacrum,
686 1303 846 1399 quotiens
878 1306 927 1375 ob
959 1301 1058 1375 ferias
1092 1301 1239 1373 Latinas

255 1419 457 1516 praeficitur,
499 1421 558 1517 qui
584 1422 759 1494 consulare
787 1447 915 1494 munus
948 1419 1098 1517 usurpet.
1166 1423 1238 1492 Ce-

253 1540 368 1611 terum
402 1541 582 1636 Augustus
615 1542 713 1613 bellis
740 1540 898 1615 civilibus
920 1540 1076 1613 Cilnium
1101 1543 1238 1612 Maece·

254 1679 387 1748 natem,
421 1659 582 1755 equestris
615 1660 757 1750 ordinis,
792 1661 924 1733 cunetis
958 1660 1053 1756 apud
1079 1663 1237 1733 Romam

256 1799 361 1875 atque
379 1778 513 1851 ltaliam
531 1779 725 1876 praeposuit.
775 1782 869 1852 Mox
887 1804 1000 1851 rerum
1015 1778 1158 1875 potitus,
1187 1782 1238 1852 ob

255 1897 535 1995 magnitudinem
567 1898 701 1995 populi,
733 1925 773 1970 ac
806 1898 904 1970 tarda
937 1899 1057 1995 legum
1090 1898 1235 1987 auxilia,

253 2015 395 2114 sumpsit
417 2045 436 2090 e
459 2017 708 2106 consularibus,
737 2017 798 2115 qui
826 2023 1000 2089 coerceret
1028 2015 1174 2104 servitia,
1199 2022 1237 2091 δι

255 2139 353 2235 quod
375 2138 506 2211 civium
531 2136 673 2210 audacia
694 2136 888 2225 turbidum,
912 2137 972 2208 nist
991 2136 1065 2208 vim
1081 2156 1234 2210 metuat:

255 2257 454 2354 primusque
480 2258 628 2330 Meffala
651 2255 823 2328 Corvinus
851 2281 928 2327 eam
952 2255 1172 2351 potestatem,
1200 2259 1237 2327 δι

254 2401 382 2472 paucos
416 2377 507 2448 intra
539 2375 613 2446 dies
647 2377 754 2447 finem
788 2374 934 2472 accepit,
975 2379 1068 2472 quasr
1102 2374 1237 2451 nescius

253 2495 446 2570 exercendi.
506 2495 603 2566 Tum
642 2496 779 2566 Taums
814 2494 978 2584 Statilius,
1021 2521 1238 2593 quamquam

256 2617 420 2712 proved&
456 2632 565 2701 aetate,
606 2613 743 2710 egregie
778 2615 947 2715 toleravit.
1013 2615 1105 2688 Dein
1141 2615 1233 2707 Pis0,

254 2732 380 2830 viginti
411 2757 472 2828 per
496 2758 603 2804 annos
637 2733 763 2828 pariter
792 2737 968 2830 probatus,
1003 2734 1147 2832 publico
1176 2734 1233 2809 fu·

254 2878 346 2940 nere,
373 2878 416 2923 ex
434 2853 572 2924 decreto
597 2851 744 2942 senatus,
771 2855 961 2925 celebratus
979 2854 1037 2926 est.

302 2973 384 3044 XII.
412 2975 615 3043 Rnnnruru
648 2972 727 3044 inde
751 2975 794 3044 ad
822 2995 932 3069 patres
957 3001 976 3045 a
1002 2972 1232 3071 Quintilium,

253 3091 391 3163 tribuno
410 3090 537 3186 plebei,
570 3092 659 3162 “de
684 3091 773 3163 libro
795 3092 972 3186 Sibyllae,”
1004 3119 1109 3188 quem
1127 3096 1233 3166 Cani-

253 3212 330 3284 nius
356 3212 490 3299 Gallus,
523 3210 790 3305 quindecimvir,
818 3211 964 3306 “recipi
994 3212 1080 3283 inter
1102 3233 1234 3286 ceteros

254 3329 448 3427 “ejusdem
485 3328 584 3417 vatis,
617 3334 650 3401 δε
681 3333 719 3401 ea
748 3331 792 3400 de
820 3356 856 3400 re
882 3329 1233 3404 senatusconsultum'‘

254 3450 508 3545 postulaverat:
552 3474 623 3543 quo
653 3474 711 3544 per
740 3449 971 3522 disceffionem
999 3447 1104 3539 laetu,
1139 3451 1232 3524 misit

252 3570 362 3641 literas
394 3567 505 3639 Caesar
531 3568 668 3640 modice
694 3569 872 3641 tribunum
899 3569 1093 3665 increpans,
1131 3579 1156 3612 “
1176 3572 1231 3668 ig·

254 3696 423 3759 “narum
461 3687 594 3782 antiqui
633 3689 737 3760 moris
774 3692 820 3760 ob
855 3687 1083 3784 juventam:’'
1125 3694 1231 3764 Gallo

252 3809 498 3903 exprobrabat,
532 3814 558 3847 “
578 3809 672 3902 quud
703 3806 850 3880 scientiae
881 3810 1231 3906 caerimoniarumque

254 3934 280 3968 “
295 3949 412 4032 yetus,
437 3926 568 3998 incerto
585 3928 736 4018 autlore,
762 3949 839 4002 ante
856 3929 1057 4002 sententiam
1074 3931 1227 4027 collegii,
