2986 5138
458 579 757 648 nnnrrrun
790 574 985 649 Luem.
1157 581 1221 677 163

304 744 476 819 XXXIII.
497 749 620 820 lurnn
650 772 728 845 quae
756 749 898 820 Severus
919 747 1056 821 Caecina
1082 748 1222 838 censuit,

258 870 285 905 “
302 889 346 937 ne
363 888 468 960 quem
485 865 736 962 magistratum,
758 866 814 939 cui
829 867 1007 962 provincia
1017 870 1221 958 obvenisset,

257 990 398 1055 “uxor
435 983 656 1056 comitaretur
672 986 708 1056 :’'
759 987 908 1058 multbm
944 986 1022 1058 ante
1061 987 1222 1083 repetito,

257 1109 285 1144 “
303 1103 598 1176 concordemsrbi
623 1101 823 1201 conjugem,
851 1108 883 1176 δι
908 1103 966 1177 sex
990 1125 1103 1201 partus
1125 1106 1224 1178 enix-
1284 1174 1286 1180 .

140 1219 143 1227 '
257 1228 285 1264 ‘⁸
302 1247 385 1293 arn:
413 1221 530 1318 seque,
557 1249 635 1318 quae
661 1222 696 1293 in
720 1223 899 1318 publicum
926 1222 1100 1312 statueret,
1125 1224 1224 1296 dorni

258 1346 285 1381 “
302 1339 492 1430 servaviffe,
526 1341 677 1415 cohibita
708 1341 795 1414 intra
825 1341 974 1432 Italiam,
1009 1367 1224 1439 quamquam

192 1518 194 1523 .
257 1463 285 1501 “
304 1457 374 1554 ipse
391 1460 504 1554 plures
520 1483 581 1554 per
598 1459 790 1555 provincias
808 1461 1035 1558 quadraginta
1057 1461 1225 1557 stipendia

258 1584 285 1619 “
303 1577 513 1674 expleviffet.
562 1581 672 1651 Haud
689 1580 782 1651 enim
801 1578 922 1652 frustra
939 1579 1103 1676 placitum
1122 1580 1222 1669 olim,

257 1703 285 1737 “
304 1721 347 1767 ne
363 1695 499 1768 femina
520 1696 556 1768 in
577 1692 684 1769 socios
707 1718 767 1770 aut
791 1717 910 1795 gentes
934 1720 1090 1771 externas
1113 1702 1224 1773 trahe·

257 1821 285 1856 “
303 1836 444 1887 rentur:
470 1815 574 1888 inell'e
590 1815 773 1901 mulierum
788 1817 982 1905 comitatui,
1010 1844 1088 1914 quae
1102 1842 1224 1913 pacem

256 1940 284 1975 “
302 1935 402 2023 luxu,
431 1935 563 2006 bellum
588 1931 772 2009 formidine
800 1956 991 2026 morentur,
1029 1940 1062 2008 &
1089 1941 1222 2010 Roma·

256 2060 387 2125 “num
413 2076 542 2150 agmen
566 2054 611 2125 ad
638 2054 893 2126 fimilitudinem
917 2053 1053 2127 barbari
1077 2052 1224 2127 incessus

255 2179 283 2214 “
301 2191 515 2246 convertant.
563 2173 650 2246 Non
663 2172 877 2247 imbecillum
889 2172 1038 2261 tantbm,
1066 2171 1222 2268 &impa-

256 2297 374 2363 “rem
392 2291 567 2364 laboribus
585 2290 727 2377 sexum3
754 2286 825 2380 sed,
851 2294 874 2363 fi
892 2289 1026 2364 licentia
1041 2292 1138 2380 adfit,
1163 2291 1223 2364 sae-

255 2416 283 2452 “
300 2434 400 2500 vum,
426 2410 658 2498 ambitiosum,
687 2409 858 2506 potestatis
874 2410 1035 2483 avidum:
1062 2409 1223 2484 incedere

240 2528 389 2601 “inter
415 2528 554 2618 milites,
586 2532 711 2602 habere
737 2530 782 2601 ad
807 2555 950 2602 manum
979 2528 1221 2602 centuriones:

255 2655 283 2691 “
302 2647 490 2744 praesediffe
514 2672 625 2744 nuper
649 2646 816 2721 feminam
837 2647 997 2721 exercitio
1013 2647 1234 2737 cohortium„

258 2773 285 2808 “
304 2762 449 2838 decursu
461 2766 651 2863 legionum.
688 2766 974 2865 Cogitarentipsr,
1000 2767 1158 2863 quotiens
1169 2791 1222 2839 re·

256 2891 284 2926 “
303 2885 533 2980 petundarum
550 2885 656 2982 aliqui
671 2906 909 2983 arguerentur,
936 2889 1035 2982 plura
1055 2885 1223 2959 uxoribus

258 3010 285 3044 “
303 3001 484 3099 objectari:
525 3002 578 3075 his
609 3003 722 3076 statim
749 3001 974 3077 adhaerescere
1001 3004 1223 3077 deterrimum

257 3128 283 3162 “
302 3145 479 3217 quemque
492 3121 777 3217 provincialium:
807 3125 853 3195 ab
868 3122 920 3195 his
937 3122 1076 3220 negotia
1084 3120 1222 3219 suscipi,

257 3247 285 3281 “
302 3238 465 3337 transigi:
495 3240 645 3312 duorum
662 3243 813 3339 egrellus
826 3242 909 3332 coli,
934 3244 1006 3314 duo
1019 3243 1085 3314 effe
1097 3262 1222 3338 praeto·

258 3365 286 3401 “
307 3358 380 3443 ria;
406 3358 643 3454 pervicacibus
658 3360 819 3457 magiq&
837 3359 1083 3456 impotentibus
1099 3360 1222 3432 mulie-

256 3483 283 3519 “
303 3503 382 3549 rum
392 3475 501 3574 jussis,
530 3503 608 3574 quae
624 3479 749 3575 Oppiis
762 3480 956 3575 quondam,
981 3477 1119 3574 aliisque
1136 3478 1222 3576 legi·

256 3605 284 3640 “
303 3599 368 3669 bus
385 3596 588 3686 constricta,
614 3624 721 3686 nunc,
748 3597 867 3670 vinclis
886 3596 1056 3686 exsolutis,
1082 3595 1222 3686 domos,

252 3724 284 3759 <“
302 3711 388 3805 fora,
407 3712 483 3810 jam
501 3721 535 3789 ὅτ
552 3717 722 3789 exercitus
738 3718 931 3814 regerent.''

303 3838 475 3910 XXXIV.
517 3838 744 3908 Pnuconnn
782 3837 859 3907 haec
899 3832 1037 3908 adsensu
1081 3830 1222 3918 audita;

257 3957 371 4050 plures
384 3958 629 4044 obturbabant,
661 3959 687 3994 “
701 3956 829 4050 Neque
842 3955 989 4026 relatum
1002 3952 1046 4026 de
1056 3948 1196 4048 negotio
1209 3977 1221 4035 3

665 4075 710 4145 M
737 4099 756 4143 2
