2986 5138
476 543 784 611 Annnarunr
819 542 999 613 Lirall.
1158 567 1224 641 105

253 713 366 789 duum
383 713 473 814 regis
490 741 617 788 nomen
635 714 783 789 invisum
807 718 901 813 apud
927 717 1125 813 popularem
1157 722 1225 790 Ar-

257 833 408 934 minium
425 860 488 930 pro
506 833 661 907 libertate
677 836 864 907 bellantem
881 834 977 907 savor
992 837 1152 908 habebat.

304 954 421 1026 XLV.
454 955 594 1027 lorrua
629 980 699 1027 non
741 954 847 1026 modd
880 955 1041 1028 Cherusci
1076 953 1227 1053 sociique

257 1096 393 1162 eorum,
415 1069 522 1144 'vetus
553 1073 706 1145 Arminii
733 1074 845 1162 miles,
875 1073 1043 1171 sumpsere
1071 1076 1225 1147 bellum:

255 1189 314 1264 sod
344 1216 364 1263 e
396 1216 504 1287 regno
535 1192 640 1264 etiam
680 1193 893 1266 Marobodui
934 1195 1053 1265 Suevae
1093 1214 1224 1289 gentes,

256 1310 443 1383 Semnones
460 1336 501 1384 ac
517 1311 758 1409 Langobardi,
780 1311 936 1384 defecere
952 1315 997 1384 ad
1014 1338 1113 1385 eum:
1145 1314 1223 1409 qui-

257 1431 322 1501 bus
353 1429 479 1502 additis
512 1432 747 1526 prepollebat,
791 1430 826 1503 ni
864 1431 1107 1528 Inguiomerus
1146 1460 1227 1507 cum

259 1573 365 1622 manu
407 1549 586 1623 clientium
624 1551 669 1622 ad
705 1551 966 1623 Maroboduum
1005 1550 1202 1649 perfugisset
1215 1583 1226 1639 ;

258 1692 330 1740 non
359 1667 461 1742 aliam
493 1670 540 1741 ob
572 1667 721 1757 causam,
761 1670 866 1764 quim
902 1671 983 1766 quia
1013 1670 1122 1744 fratris
1154 1673 1228 1745 filio

250 1784 386 1884 juveni,
418 1807 560 1885 patruus
582 1787 682 1861 senex
710 1789 828 1882 parsre
852 1789 1113 1886 dedignabatur.
1163 1793 1228 1865 Di-

255 1905 414 2005 riguntur
446 1907 533 1980 acies
567 1907 637 2003 pari
671 1906 846 2001 utrimque
873 1905 945 2003 spe,
974 1934 1037 1981 nec
1070 1931 1108 1981 ut
1141 1912 1227 1985 olim

255 2029 350 2123 apud
384 2029 579 2102 Germanos
611 2027 708 2123 vagis
740 2025 942 2114 incursibus,
982 2047 1040 2098 aut
1073 2028 1228 2126 disjeslas

256 2171 317 2242 per
332 2165 506 2219 catervas:
533 2146 664 2243 quippe
682 2148 787 2242 longst
802 2147 987 2218 adversirm
1012 2172 1074 2219 nos
1091 2148 1227 2240 militiai,
1325 2202 1329 2209 ,

256 2265 469 2342 insueverant
491 2264 585 2363 sequi
604 2269 709 2363 srgna,
728 2264 877 2338 subsidiis
895 2265 1037 2356 firmari,
1055 2267 1146 2341 dieta
1162 2268 1228 2343 im-

255 2406 454 2483 petatomm
470 2385 637 2482 accipere.
671 2392 721 2456 At
738 2405 821 2457 tunc
840 2385 1018 2463 Arminius
1035 2411 1126 2484 equo
1144 2415 1228 2462 con.

257 2505 400 2579 lustrans
417 2507 555 2595 cunda,
570 2525 609 2577 ut
625 2503 779 2601 quosque
795 2506 958 2577 adveslus
975 2524 1063 2578 erat:
1083 2514 1110 2549 “
1121 2510 1227 2583 Reci-

258 2631 286 2667 “
304 2645 458 2722 peratam
480 2624 689 2714 libertatem,
713 2624 894 2698 trucidatas
923 2624 1089 2722 legiones,
1125 2627 1232 2726 spolia

259 2750 287 2787 ‘¹
304 2745 418 2817 adhuc
433 2746 546 2816 &tela
563 2744 899 2838 Romanisderepta‚
914 2743 949 2815 in
963 2743 1230 2826 manibusmul-

257 2864 395 2935 tomm'’
421 2862 634 2934 ostentabat:
656 2863 776 2934 contra
794 2868 819 2904 “
833 2861 993 2959 fugacem
1009 2865 1228 2941 Marobodu-
1260 2944 1261 2948 ,

259 2986 288 3022 “
301 2982 387 3053 um'’
399 2983 620 3081 appellans,“
633 2980 834 3078 proeliorum
844 2984 1230 3079 expertem,Hercyniae

258 3106 287 3165 .“
305 3101 441 3174 latebris
454 3098 645 3189 defensum,
659 3126 700 3174 ac
718 3126 803 3172 mox
818 3125 878 3196 per
890 3100 982 3172 dona
995 3105 1028 3172 δι
1041 3102 1230 3199 legationes

257 3226 284 3270 ⁴‘
303 3221 458 3317 petivisse
490 3218 619 3310 foedus,
652 3220 862 3316 proditorem
892 3218 1021 3315 patriae,
1051 3219 1231 3297 satellitem

259 3347 287 3384 “
304 3339 455 3428 Caesaris,
501 3340 593 3412 haud
627 3339 741 3411 minias
783 3337 917 3411 infensis
958 3337 1080 3412 animis
1113 3363 1230 3415 extur-

258 3466 285 3505 “
304 3460 716 3556 bandum,quamVamm
728 3457 959 3556 Qrindilium
976 3458 1227 3538 interfecerint:

258 3584 287 3632 ‘⁴
304 3578 534 3651 meminissent
547 3578 654 3650 modo
665 3598 716 3650 tot
732 3560 949 3674 proeliorum,
964 3603 1115 3674 quorum
1125 3607 1230 3655 even,

258 3704 287 3742 ‘⁴
304 3718 355 3785 tu,
390 3703 423 3770 u
467 3698 512 3769 ad
548 3696 761 3793 postremum
789 3684 904 3793 ejeslis
933 3698 1119 3789 Romanis,
1152 3700 1227 3781 satis

257 3822 287 3871 θ’
303 3819 506 3918 probatum,
530 3841 634 3914 penes
658 3837 752 3890 utros
769 3815 904 3891 summa
920 3816 1002 3891 belli
1016 3815 1154 3895 suerit.'’
