2986 5138
1090 522 1191 599 xxvii

212 704 371 777 camut,
397 684 581 784 Philippus
604 687 839 777 Cnvnrnun,
872 685 1041 785 Virgilius
1069 690 1192 765 Mna·

210 807 348 893 vazzt,
391 810 424 878 &
454 807 614 904 Raphael
650 792 789 880 nnana
809 808 963 880 Tonnn·
1012 810 1189 889 Eamdem

211 925 307 1022 apud
327 927 522 998 Germanos
538 924 676 997 laudem
692 925 843 999 amulati
864 925 940 999 sunt
956 929 1065 1023 Janus
1081 931 1189 1003 Gau·

214 1067 353 1134 ratus,
393 1043 661 1141 Christophorus
698 1047 963 1136 Fonsruunus,
1008 1047 1190 1123 Cornelius

210 1164 385 1238 Lentulus
414 1186 463 1234 nn
491 1164 645 1253 Luurz,
683 1163 810 1262 aliique
839 1163 1004 1261 plurimi3
1041 1169 1076 1238 tc
1103 1164 1190 1240 fortd

210 1282 252 1357 iis
277 1282 450 1371 meliores,
476 1282 559 1379 quia
585 1281 771 1373 breviores,
804 1283 986 1357 Abraham
1007 1286 1193 1360 Gorurrz

213 1407 248 1476 tc
276 1404 421 1476 Marcus
459 1406 494 1474 A
524 1405 804 1475 Rncntrnorn.
853 1403 939 1473 Non
965 1400 1078 1475 solum
1104 1403 1193 1477 iuter

212 1520 404 1618 Hispanos,
430 1519 489 1593 sed
516 1519 620 1593 etiam
643 1519 728 1593 inter
755 1521 859 1593 Italos
889 1545 1018 1594 nomen
1042 1521 1193 1598 obtinuit

212 1640 394 1713 Balthazar
409 1643 583 1712 Asinos.
633 1639 703 1712 His
730 1638 885 1712 maxime
909 1639 1071 1736 operibus
1095 1643 1192 1739 apud

212 1759 334 1831 Gallos
360 1757 511 1830 innotuit
528 1759 674 1831 Amelot
699 1782 747 1831 oa
774 1783 822 1830 ta
846 1761 1056 1833 Hoossnru.
1105 1763 1189 1835 Ma·

205 1876 320 1976 jorem
338 1876 374 1948 in
389 1875 564 1950 Britannia
580 1876 814 1951 celebritatem
831 1876 1010 1951 adsecutus
1027 1879 1077 1952 est
1091 1881 1192 1955 Tho-

212 2022 287 2070 mas
308 1999 489 2069 Gomon.
539 2002 603 2086 At,
627 1997 723 2094 quod
734 1993 810 2094 jam
832 1995 933 2094 supra
949 1997 1086 2088 monui,
1113 2000 1192 2097 plus

212 2115 299 2190 mihi
315 2114 452 2189 videtur
463 2115 499 2188 in
522 2115 575 2188 his
592 2114 740 2213 politicis
757 2115 1063 2190 exercitationibus
1079 2117 1192 2192 osten·

211 2234 362 2326 tationis,
388 2235 497 2332 quim
513 2233 692 2308 utilitatis:
722 2233 830 2333 iisque
847 2235 1117 2333 praeceptoribus
1139 2262 1193 2312 re·

212 2356 367 2429 tardatur
392 2352 518 2451 magis,
541 2355 650 2452 quim
671 2352 832 2427 incitatur
854 2353 1002 2428 animus.
1050 2356 1193 2433 Brevius

213 2472 406 2572 certiusque
422 2474 487 2546 iter
503 2471 783 2571 ingrediendum.
833 2471 997 2570 Quisquis
1013 2474 1192 2572 politicam

212 2593 433 2693 prudentiam
449 2590 623 2670 addiscere
639 2591 781 2690 cogitat,
798 2591 963 2665 Tacitum
980 2594 1085 2691 legat.
1117 2595 1192 2693 Qri

215 2734 371 2788 mentem
396 2713 437 2785 ed
465 2711 635 2786 imbutam
657 2711 829 2809 percupit,
857 2711 1023 2785 Tacitum
1048 2713 1191 2814 relegat.

213 2835 298 2907 Hac
318 2830 375 2905 via
392 2830 460 2904 iere
483 2829 656 2926 sapientiae
675 2855 845 2928 proceres,
876 2857 964 2929 quos
987 2831 1081 2929 prior
1110 2853 1192 2909 aetas

216 2951 337 3024 mirata
350 2950 410 3022 est.
459 2951 542 3024 Hac
559 2969 719 3047 pergant,
746 2974 833 3046 quos
851 2950 959 3048 gloria
980 2956 1015 3024 ἃ
1036 2951 1193 3027 utilitatis

216 3067 366 3168 publicae
382 3068 534 3142 studium
550 3068 720 3143 accendit.

253 3233 383 3314 Excerpt.
404 3256 439 3297 ex
452 3234 559 3301 Praesat.
575 3240 614 3301 G.
629 3240 736 3304 Brotiet
749 3241 784 3304 ad
802 3240 881 3306 Edit.
897 3239 973 3303 suam
992 3240 1028 3304 C.
1045 3240 1082 3301 C.
1094 3238 1190 3304 Taciti

219 3334 295 3399 aaa
312 3337 547 3418 insurgamus.
