2986 5138
308 556 354 628 28
548 550 590 623 C.
612 549 850 623 Consistit
881 546 1060 623 Tncrrr

304 726 474 797 Nonanus
496 723 724 820 opperiendas
749 720 881 795 Tiberii
907 719 1064 818 epistolas
1078 718 1278 796 clamitare·

305 863 382 915 rat:
409 867 494 914 mox
523 839 692 915 desolatus
731 841 878 914 aliorum
915 838 1124 929 disceffione,
1160 839 1279 912 immi

306 981 446 1034 nentem
462 963 688 1034 necessitatem
710 959 831 1056 sponte
852 958 1042 1056 praevenit:
1073 964 1106 1033 δι
1131 957 1281 1049 Drusus,

305 1104 378 1153 non
418 1079 612 1177 exspestato
653 1082 849 1177 legatorum
879 1079 1044 1175 regressu,
1082 1078 1163 1176 quia
1189 1103 1279 1176 pne·

303 1195 407 1273 sentia
422 1198 498 1272 satis
512 1197 748 1288 consederant,
773 1197 810 1269 in
826 1198 965 1270 Urbem
982 1196 1091 1270 rediit.

365 1322 504 1393 XXXI.
543 1321 689 1391 lrsnru
712 1317 822 1391 ferme
846 1315 983 1405 diebus,
1018 1315 1137 1389 iisdem
1174 1320 1281 1390 causis

306 1439 526 1512 Germanicae
566 1436 720 1535 legiones
759 1439 919 1524 turbata,
974 1433 1105 1532 quanto
1149 1436 1278 1532 plures,

305 1557 402 1630 tanto
414 1556 620 1630 violentius:
647 1562 679 1629 ἃ
699 1558 825 1654 magnai
840 1553 898 1652 spe
911 1552 985 1628 fore
1001 1575 1040 1628 ut
1052 1554 1281 1628 Germanicus

304 1675 416 1749 Caesar
445 1674 628 1772 imperium
656 1674 792 1748 alterius
821 1673 890 1770 pati
914 1673 1083 1771 nequiret,
1114 1675 1282 1770 daretque

305 1794 338 1869 se
355 1794 563 1894 legionibus,
587 1794 623 1866 vi
651 1792 708 1868 sual
725 1796 846 1868 consta
859 1794 1036 1865 tradiurus.
1084 1792 1169 1864 Duo
1181 1794 1279 1888 apud

305 1916 417 2013 ripam
440 1914 558 1988 Rheni
586 1913 755 1987 exercitus
781 1931 901 1986 erant:
936 1910 1001 1985 cui
1023 1914 1160 1982 nomen'
1179 1905 1280 2006 supe-

306 2036 403 2126 riori,
429 2033 492 2108 sub
504 2036 546 2107 C.
569 2033 650 2106 Silio
668 2035 811 2132 legat03
845 2029 1042 2104 inferiorem
1070 2032 1117 2102 A.
1142 2029 1284 2103 Caecina

305 2160 458 2231 curabat.
509 2155 685 2253 Regimen
714 2149 860 2226 summae
884 2149 932 2223 rei
957 2174 1062 2248 penes
1097 2151 1281 2223 Germani-

305 2302 402 2365 cum,
431 2275 568 2371 agendo
605 2274 795 2347 Galliarum
835 2268 947 2344 censui
983 2288 1060 2342 tum
1095 2269 1281 2343 intentum.

305 2395 373 2467 Sed
396 2391 522 2489 quibus
546 2391 646 2464 Silius
669 2394 927 2481 moderabatur,
950 2411 1067 2463 mente
1100 2388 1281 2487 ambigud,

306 2509 481 2583 fortunam
525 2508 695 2582 seditionis
739 2510 860 2583 alienae
891 2504 1177 2606 speculabantur:
1228 2508 1281 2580 in-

307 2626 440 2701 serioris
469 2627 638 2700 exercitiis
670 2630 767 2702 miles
794 2630 829 2702 in
861 2628 992 2702 rabiem
1016 2626 1193 2724 prolapsus
1217 2627 1282 2716 est,

307 2766 385 2821 orto
427 2748 471 2818 ab
511 2746 804 2821 unetvicesimanis
826 2746 1067 2845 quintanisque
1101 2744 1210 2835 initio,
1248 2751 1282 2820 δι

305 2863 419 2936 tradis
438 2863 550 2960 primd
566 2891 708 2963 quoque
723 2895 762 2941 ae
776 2868 935 2941 vicesimas
946 2865 1142 2964 legionibus
1159 2893 1167 2937 :
1199 2892 1282 2938 nam

305 2982 425 3056 iisdem
453 2984 590 3074 aestivis,
620 2985 655 3056 in
689 2987 817 3059 finibus
847 2985 1027 3059 Ubiorum
1052 2986 1283 3075 habebantur,

307 3130 369 3201 per
396 3103 522 3190 otium,
549 3125 608 3175 aur
633 3105 722 3178 levia
750 3106 879 3178 munia.
929 3105 1041 3203 Igitur
1061 3103 1180 3177 audito
1213 3106 1286 3176 fine

307 3221 472 3320 Augusti,
491 3225 674 3295 vernacula
691 3223 893 3315 multitud0,
911 3249 1022 3321 nuper
1033 3225 1110 3295 asto
1131 3221 1167 3293 in
1180 3223 1284 3294 Urbe

306 3343 457 3431 delectu,
486 3339 630 3414 lascivia
659 3341 765 3433 sueta,
794 3345 954 3417 laborum
976 3343 1176 3430 intolerans,
1215 3341 1283 3413 im-

306 3462 399 3556 plere
414 3481 609 3534 ceterorum
633 3464 736 3535 rudes
762 3461 917 3536 animos:
945 3467 972 3504 ‘⁴
985 3461 1120 3533 Venisse
1143 3479 1284 3555 tempus

307 3585 423 3676 “quo
449 3580 601 3651 veterani
624 3602 797 3654 maturam
819 3581 1023 3668 mistionem,
1039 3578 1185 3677 juvenes
1213 3579 1280 3647 lar-

307 3703 334 3739 “
353 3699 450 3793 giora
468 3697 648 3793 stipendia,
674 3700 788 3772 consti
812 3701 959 3771 modum
983 3695 1193 3770 miseriarum
1218 3718 1281 3765 ex·

307 3819 335 3855 “
351 3813 541 3908 poscerent,
567 3811 798 3913 saevitiamque
820 3816 1063 3890 centurionum
1079 3809 1281 3886 ulcisceren-

308 3936 336 3972 “
353 3933 446 4001 tur.’'
494 3933 580 4004 Non
592 3959 682 4006 unus
703 3935 791 4026 haec,
815 3956 855 4009 ut
878 3934 1093 4035 Pannonicas
1116 3932 1203 4005 inter
1229 3932 1282 4003 le-
