2986 5138
323 599 368 671 92
514 569 1106 646 C.C0nnnr.11Tac1rr

317 767 443 816 vocem
469 745 655 818 adversum
684 744 836 841 pericula
863 740 1021 838 poscere:
1061 744 1296 820 abnuentibus

316 863 462 951 cunstis,
488 865 569 936 crim
590 861 723 935 diversa
752 863 1013 959 praetenderent,
1038 861 1162 934 ebdem
1174 861 1294 936 sormi·

316 980 413 1072 dine,
439 982 497 1052 die
522 980 656 1053 senatus
682 1002 777 1053 metu
799 988 832 1052 &
862 979 1065 1076 aegritudine
1083 977 1200 1071 fessus,
1227 986 1294 1056 five

316 1119 353 1171 ut
372 1100 545 1171 tradidere
563 1099 721 1196 quidam,
746 1100 903 1171 simulato
926 1100 1063 1186 morbo,
1091 1099 1209 1172 lesticfi
1230 1102 1292 1173 de-

318 1220 406 1290 latus
430 1218 585 1290 adfores
611 1217 727 1307 curiae,
760 1215 954 1314 innisusque
979 1215 1087 1306 fratri,
1110 1223 1143 1290 ὅτ
1170 1243 1294 1292 manus

315 1361 355 1409 ac
375 1335 541 1433 supplices
567 1362 668 1409 voces
692 1337 735 1408 ad
758 1335 943 1408 Tiberium
961 1336 1120 1425 tendens,
1146 1336 1293 1409 immoto

316 1453 388 1551 ejus
422 1457 520 1527 vultu
559 1454 756 1550 excipitur:
797 1480 884 1526 mox
912 1453 1105 1527 libellos&
1136 1458 1292 1529 auctores

316 1574 434 1645 recitat
447 1571 572 1661 Caesar,
591 1572 637 1644 ita
659 1574 858 1663 moderans,
885 1598 928 1644 ne
950 1572 1070 1665 lenire,
1097 1598 1186 1646 neve
1198 1573 1291 1672 aspe-

315 1716 389 1763 rare
410 1692 553 1763 crimina
574 1691 758 1764 videretur.

364 1812 484 1884 XXX.
512 1816 815 1899 Accnssnnnnr,
842 1830 963 1906 praeter
978 1810 1146 1884 Trionem
1164 1818 1198 1886 &
1222 1815 1290 1886 Ca-

250 1918 265 1944 ⁸
313 1949 391 2002 tum
408 1929 629 2019 accusatores,
649 1928 813 2002 Fonteius
830 1930 1007 2027 Agrippa,
1037 1935 1070 2003 ὅτ
1092 1931 1133 2002 C.
1151 1930 1288 2022 Vibius,

315 2053 559 2146 certabantque
585 2047 719 2145 cuijus
745 2048 928 2144 perorandi
952 2049 987 2120 in
1012 2073 1108 2124 reum
1122 2049 1286 2122 daretur:

313 2169 426 2241 donec
444 2168 579 2257 Vibius,
611 2166 693 2264 quia
721 2192 784 2240 nec
812 2166 873 2262 ipsi
891 2166 979 2238 inter
994 2162 1027 2238 se
1044 2169 1288 2258 concederent,

315 2291 348 2358 ἃ
367 2287 462 2359 Libo
481 2290 548 2358 fine
565 2304 709 2382 patrono
725 2285 904 2375 introisset,
933 2283 1128 2381 singillatim
1160 2284 1193 2357 se
1221 2287 1289 2358 cri-

313 2404 408 2475 mina
440 2402 657 2499 objedurum
688 2403 868 2499 professus,
896 2402 1037 2500 protulit
1063 2402 1198 2476 libellos
1227 2431 1288 2478 ve-

313 2523 433 2593 cordes
453 2522 554 2609 adeb,
583 2541 622 2592 ut
645 2520 887 2595 consultaverit
910 2523 1017 2612 Libo,
1042 2530 1068 2565 “
1083 2549 1127 2595 an
1151 2523 1288 2598 habitu-

314 2648 419 2712 “ms
448 2638 535 2711 soret
561 2664 658 2735 opeS,
684 2642 762 2736 quis
787 2641 880 2714 viam
899 2641 1056 2739 Appiam
1070 2642 1288 2741 Brundisium

313 2763 342 2800 “
362 2756 468 2854 usqne
498 2758 643 2854 pecunias
666 2759 848 2856 operiret.'’
898 2763 1035 2833 Inerant
1065 2767 1098 2834 &
1125 2761 1190 2833 alia
1222 2765 1287 2835 hu·

305 2874 513 2972 juscemodi,
546 2876 682 2966 stolida,
711 2905 821 2964 vana;
870 2883 891 2951 sr
928 2880 1069 2971 mollius
1101 2881 1285 2976 acciperes,

311 2994 510 3067 miseranda.
578 2997 650 3068 Uni
678 3019 794 3069 tamen
828 2996 959 3085 libello,
987 3023 1095 3070 manu
1122 3000 1285 3090 Libonis,

311 3114 510 3186 nominibus
526 3112 698 3186 Casurum
716 3136 773 3187 aut
798 3115 1008 3203 senatorum,
1035 3117 1168 3189 additas
1197 3140 1285 3191 atro·

309 3260 367 3308 ces
385 3234 442 3304 vel
464 3235 615 3304 occultas
641 3255 752 3323 notas,
780 3233 954 3307 accusator
982 3237 1159 3330 arguebat.
1210 3240 1284 3310 Ne-

310 3374 413 3452 gante
430 3377 502 3442 reo,
529 3351 748 3448 agnoscentes
764 3354 878 3426 servos
903 3379 964 3449 per
988 3373 1157 3426 tormenta
1179 3354 1284 3427 inter-

308 3472 421 3570 rogari
449 3472 587 3567 placuit.
656 3475 701 3543 Et
731 3472 812 3569 quia
841 3474 960 3543 vetere
983 3469 1283 3564 senatusconsulto,

310 3590 452 3687 quaestio
480 3591 513 3662 in
556 3613 658 3688 caput
680 3591 813 3664 domini
837 3592 1092 3688 prohibebatur,
1137 3592 1283 3666 callidus

310 3713 343 3780 &
371 3709 452 3780 novi
474 3706 558 3803 juris
587 3731 740 3806 repertor
757 3710 933 3800 Tiberius,
949 3711 1150 3808 smancipa'ri
1169 3716 1282 3808 fingu-

309 3829 360 3897 los
378 3826 481 3897 astori
500 3827 640 3921 publico
651 3827 775 3924 jubet:
802 3816 952 3920 scilicet,
970 3852 1008 3901 ut
1037 3830 1072 3901 in
1103 3830 1282 3903 Libonem

307 3944 484 4034 exsertis,
516 3942 611 4019 salvo
633 3944 931 4039 senatusconsulto,
967 3969 1184 4047 quaereretur.
1219 3949 1283 4026 Ob
