2986 5138
406 576 707 647 Auunarom
738 572 850 643 Lrn.
885 559 946 642 IV.
1094 592 1161 668 235

200 745 368 843 triumphi
385 747 602 845 adeptusest.
642 745 740 819 Obiit
757 747 790 816 δι
807 746 854 816 L.
870 739 1056 831 Antonius,
1075 745 1163 815 mul·
1247 832 1249 837 Ι

201 870 234 937 ti
256 866 456 939 claritudine
480 865 627 964 generis,
651 864 708 937 sed
736 861 965 959 improspera:
994 887 1075 933 nam
1105 886 1165 958 pa-

201 1003 251 1056 tre
268 983 352 1082 ejus,
378 988 462 1080 julo
478 984 647 1073 Antonio,
667 986 714 1056 ob
730 981 935 1054 adulterium
953 979 1055 1075 Juliae
1074 1007 1166 1054 ruor-

201 1124 236 1176 te
253 1104 389 1200 punito,
416 1106 508 1177 hunc
528 1105 722 1177 admodum
745 1099 1049 1188 adolescentulum,
1075 1097 1167 1173 soro·

203 1224 246 1296 ris
263 1244 439 1321 nepotem,
466 1221 609 1320 seposuit
634 1222 811 1320 Augustus
827 1220 863 1292 in
879 1220 1055 1293 civitatem
1072 1213 1166 1293 Mas·

206 1342 383 1432 srliensem,
398 1342 458 1415 ubi
470 1343 578 1439 specie
595 1342 788 1415 studiorum
804 1364 933 1413 nomen
950 1338 1057 1411 exsilii
1073 1358 1169 1437 tege·

205 1482 308 1534 retur.
358 1461 511 1536 Habitus
538 1480 652 1534 tamen
679 1459 843 1557 supremis
870 1458 1005 1531 honor:
1033 1460 1171 1556 ossaque

203 1583 341 1654 tumulo
357 1580 583 1655 Octaviorum
599 1580 717 1668 inlata,
744 1604 805 1675 per
829 1580 1009 1650 decretum
1025 1576 1170 1653 senatus.

253 1703 369 1772 XLV.
392 1702 534 1773 Itsouu
552 1697 761 1787 consulibus,
786 1696 915 1770 facinus
931 1717 1042 1788 atrox,
1067 1697 1103 1769 in
1121 1698 1170 1771 ci-

205 1819 327 1892 teriore
356 1817 538 1915 Hispania,
574 1818 757 1890 admissum
789 1842 809 1889 a
841 1818 995 1914 quodam
1025 1817 1172 1915 agreste,

206 1938 352 2011 nationis
368 1937 619 2011 Termestinae:
645 1937 675 2010 is
693 1956 875 2034 praetorem
901 1935 1100 2033 provinciae,
1125 1940 1172 2012 L.

205 2057 378 2146 Pisonem,
404 2082 489 2153 pace
518 2055 739 2145 incuriosum,
765 2080 810 2128 ex
841 2053 1029 2151 improviso
1054 2055 1090 2128 in
1118 2056 1172 2130 iti·

206 2204 286 2251 nere
306 2179 460 2266 adortus,
497 2201 568 2248 uno
604 2177 745 2248 vulnere
773 2176 808 2248 in
840 2195 991 2248 mortem
1019 2173 1171 2251 adfecit:

205 2324 246 2372 ac
270 2296 470 2394 pernicitate
498 2293 584 2392 equi
599 2293 779 2392 profugus,
805 2295 987 2391 postquam
1013 2293 1174 2370 saltuosos

206 2418 300 2490 locos
317 2416 489 2513 attigerat,
516 2414 654 2487 dimiffo
675 2440 780 2512 equo,
807 2440 868 2511 per
885 2415 1022 2511 dirupta
1040 2421 1073 2487 δε
1098 2415 1176 2488 avia

206 2538 384 2633 sequentes
407 2534 581 2609 frustratus
607 2533 680 2607 est:
708 2559 821 2631 neque
843 2534 905 2607 diu
920 2532 1065 2607 fefellit:
1092 2558 1175 2608 nam

208 2654 375 2753 prehenso
390 2655 565 2751 dodoque
583 2678 644 2751 per
670 2653 847 2751 proximos
864 2679 972 2752 pagos
989 2679 1095 2752 equo,
1114 2681 1174 2728 eu-

202 2773 259 2872 jus
280 2771 367 2845 soret
400 2771 603 2869 cognitum:
631 2776 664 2845 dc
690 2794 859 2869 repertus,
885 2775 966 2846 ciam
994 2773 1176 2847 tormentis

209 2894 308 2965 edere
337 2888 488 2963 conscios
511 2890 719 2988 adigeretur,
744 2916 831 2966 voce
859 2896 999 2989 magnal,
1024 2892 1178 2965 sermone

210 3010 337 3108 patrio,
356 3017 384 3052 “
402 3008 524 3082 frustra
539 3008 572 3082 se
589 3009 812 3107 interrogari”
830 3010 1040 3084 clamitavit:
1070 3020 1097 3055 “
1114 3013 1176 3086 ad-

211 3138 240 3174 “
258 3128 406 3202 sisterent
437 3125 517 3201 socii
546 3153 586 3200 ac
607 3126 820 3225 speetarent:
847 3131 980 3202 nullam
1002 3129 1075 3203 vim
1103 3151 1177 3203 tan·

212 3256 240 3292 “
257 3269 330 3321 tam
347 3247 474 3320 doloris
486 3246 573 3338 fore,
598 3268 637 3319 ut
655 3245 832 3320 veritatem
849 3247 1020 3321 eliceret.”
1060 3249 1178 3324 Idem·

105 3430 109 3438 .
209 3392 278 3466 que
306 3367 387 3439 cum
425 3363 558 3462 posteri>
595 3366 640 3438 ad
671 3367 905 3463 quaesrtionem
938 3368 1177 3459 retraheretur,

210 3512 254 3559 eo
270 3483 343 3558 nisu
360 3484 530 3582 proripuit
546 3483 579 3557 se
596 3483 807 3577 custodibus,
833 3483 982 3582 saxoque
999 3505 1101 3581 caput
1117 3487 1179 3559 ad·

210 3604 316 3694 flixit,
342 3623 381 3676 ut
398 3603 512 3676 statim
529 3603 789 3678 exanimaretur.
837 3608 905 3679 Sed
932 3604 1009 3680 Piso
1035 3607 1181 3679 Terme-

209 3724 376 3798 stinorum
398 3723 483 3795 dolo
522 3722 626 3796 caesus
665 3726 836 3800 habetur:
877 3725 937 3823 qui
966 3723 1127 3822 pecunias
1159 3748 1180 3798 e

211 3844 353 3941 publico
376 3842 593 3938 interceptas,
630 3843 755 3937 acrius,
782 3845 889 3943 quam
922 3863 961 3917 ut
995 3845 1180 3918 tolerarent

212 3963 359 4055 barbari,
384 3965 545 4062 cogebat.
