2986 5138
251 545 323 633 264
442 542 485 615 C.
526 540 790 615 Cotuatrr
833 541 1032 617 Tncrrt

254 718 372 813 posta.
421 718 540 791 Funus
567 717 639 815 ejus
666 718 859 808 modicum,
892 716 1146 790 testamentum
1172 716 1247 797 diu

253 835 394 907 inritum
415 833 504 908 fuit:
530 838 669 910 laudata
693 836 742 910 est
769 862 834 934 pro
857 836 969 910 rostris
990 862 1010 909 a
1032 837 1074 909 C.
1095 834 1250 909 Caesare

257 975 460 1053 pronepote,
488 957 549 1052 qui
573 982 659 1029 mox
683 982 796 1028 rerum
820 955 945 1051 potitus
960 954 1022 1033 est,

304 1076 349 1145 ΙΙ.
386 1078 444 1145 Ar
475 1077 686 1163 Truentus,
713 1074 810 1171 qubd
832 1072 994 1171 supremis
1017 1070 1054 1145 in
1077 1093 1248 1149 matrem

252 1192 373 1265 officiis
412 1190 581 1282 defuisset,
619 1192 704 1264 nihil
735 1196 866 1265 mutata
898 1191 1100 1264 amoenitate
1137 1192 1248 1283 vitae,

259 1310 581 1409 “magnitudinem
615 1312 862 1408 negotiorum”
891 1334 953 1406 per
980 1310 1093 1383 literas
1122 1336 1249 1385 excu-

255 1428 362 1501 savit:
390 1428 605 1526 honoresque
634 1429 808 1502 memoriae
831 1426 902 1525 ejus
924 1430 969 1501 ab
993 1428 1112 1501 senatu
1136 1431 1250 1528 large

254 1549 428 1637 decretos,
459 1551 552 1645 quast
580 1574 640 1643 per
661 1547 866 1621 modestiam
892 1546 1082 1636 imminuit,
1111 1548 1248 1644 paucis

257 1667 449 1741 admodum
477 1666 634 1762 receptis,
662 1672 696 1739 bt
726 1666 857 1755 addito,
877 1674 905 1709 “
923 1691 966 1738 ne
985 1665 1127 1739 caelestis
1151 1668 1246 1741 reli·

260 1792 287 1828 “
307 1784 366 1882 gio
381 1786 619 1857 decerneretur
631 1814 641 1871 ;
662 1790 706 1858 stc
723 1782 830 1881 ipsam
843 1785 1031 1858 maluisse.''
1078 1787 1182 1882 Qrin
1204 1790 1246 1860 ὅτ

259 1924 357 2003 parte
380 1902 528 2002 ejusdem
555 1905 703 2000 epistolae
728 1903 897 2001 increpuit
923 1902 1136 1976 “amicitias
1151 1930 1244 1979 mu-

260 2032 287 2079 t‘
305 2023 467 2113 liebres,”
480 2026 620 2097 Fusium
632 2022 806 2097 consulem
823 2021 966 2119 oblique
979 2020 1241 2120 perstringens:

259 2140 288 2215 is
306 2142 412 2239 gratia
430 2143 596 2241 Augusta
613 2146 788 2231 floruerat,
806 2160 907 2237 aptus
924 2139 1112 2213 alliciendis
1130 2140 1245 2215 femi·

259 2286 385 2335 narum
410 2261 546 2350 animis,
568 2261 672 2333 dicax
694 2261 803 2349 idem,
833 2264 866 2333 δι
894 2258 1075 2335 Tiberium
1099 2262 1243 2337 acerbis

260 2378 390 2452 facetiis
430 2379 576 2452 inridere
608 2378 741 2452 solitus:
786 2404 932 2476 quarum
971 2378 1064 2477 apud
1096 2404 1242 2477 praepo·
1280 2390 1287 2399 '

260 2516 370 2570 tentes
396 2498 431 2568 in
458 2499 603 2593 longum
626 2495 791 2570 memoria
814 2499 877 2571 est.

310 2617 372 2688 111.
398 2616 593 2693 Carenem
622 2642 667 2688 ex
696 2641 737 2688 eo
760 2639 933 2714 praerupta
948 2617 1023 2716 jam
1048 2622 1082 2691 δι
1103 2644 1244 2715 urgens

261 2732 481 2813 dominatio:
514 2760 595 2806 nam
624 2735 790 2811 incolumi
820 2738 991 2834 Augusta,
1022 2758 1091 2810 erat
1116 2739 1240 2813 adhuc

261 2851 458 2950 perfugium
472 2881 482 2937 ;
520 2854 601 2949 quia
628 2855 771 2932 Tiberio
796 2855 1025 2929 inveteratum
1048 2881 1131 2954 erga
1159 2884 1240 2931 ma-

262 2994 351 3042 trem
380 2970 597 3068 obsequium,
629 2999 740 3071 neque
772 2972 909 3070 Sejanus
935 2976 1083 3047 audebat
1114 2978 1238 3049 aucto-

262 3088 354 3164 ritati
384 3090 530 3185 parentis
552 3092 690 3174 antcire.
740 3095 842 3169 Tunc
860 3095 954 3169 velut
971 3092 1072 3165 frenis
1088 3091 1238 3167 exsoluti

263 3229 520 3307 proruperuut;
561 3210 734 3306 mill'aeque
762 3210 798 3287 in
823 3212 1055 3308 Agrippinam
1085 3238 1124 3284 ac
1158 3216 1237 3286 Ne·

262 3354 385 3401 ronem
413 3327 532 3415 literae,
563 3354 646 3424 quas
673 3328 805 3424 pridem
831 3331 972 3419 adlatas,
1007 3329 1238 3406 &cohibitas

260 3451 305 3521 ab
325 3448 494 3542 Augusta,
521 3447 666 3520 credidit
682 3450 828 3544 vulgus:
857 3450 948 3522 haud
972 3449 1064 3521 enim
1082 3451 1236 3525 multum

262 3566 339 3663 post
369 3587 516 3647 mortem
549 3564 620 3662 ejus
647 3566 793 3638 recitata
816 3565 906 3643 sunt.
956 3571 1071 3641 Verba
1101 3567 1235 3642 inerant

263 3687 399 3780 quaesrti
418 3681 616 3778 asperitate:
645 3683 700 3756 sed
726 3711 795 3756 non
819 3710 927 3775 arma,
951 3713 1021 3763 non
1038 3713 1152 3761 rerum
1170 3714 1234 3760 no-

262 3828 385 3877 varum
408 3801 577 3885 studium;
607 3810 632 3843 “
652 3829 783 3875 amores
806 3802 991 3899 juvenum,
1018 3811 1050 3879 δι
1079 3806 1233 3903 impudi-

266 3928 293 3981 l‘
311 3919 450 4005 citiam”
476 3919 594 4017 nepoti
620 3919 835 4018 objeelabat:
876 3923 914 3999 in
950 3951 1076 4000 nurum
1116 3950 1160 3999 ne
1195 3925 1234 3999 id
