2986 5138
394 838 461 899 DE
498 834 809 900 CODICIBUS
848 836 1107 899 SCRIPTIS

338 1074 387 1151 C.
501 1071 1153 1151 CORNELII

477 1310 1032 1397 TACITI.

261 1614 591 1779 Annotlssssnn
617 1688 735 1767 Taciti
759 1688 907 1766 Codices
932 1683 1045 1788 scripti
1065 1687 1141 1765 sunt
1163 1690 1233 1766 Flo·

261 1814 377 1885 rentini
398 1813 477 1896 duo;
505 1837 658 1909 quorum
674 1814 759 1885 alter
775 1813 905 1885 Libros
929 1809 987 1884 sex
1004 1808 1134 1908 priores
1160 1813 1234 1905 (ut,

259 1933 400 2004 sudore
416 1930 552 2026 Lipfio,
576 1956 800 2004 numeramus
817 1928 944 2015 hodie;
972 1929 1057 2004 olim
1081 1929 1237 2026 quinque

262 2050 549 2143 numerabantur)
577 2049 770 2122 Annalium
787 2047 956 2138 continet,
984 2050 1071 2121 alter
1085 2047 1236 2144 reliquos

261 2171 296 2242 u
315 2167 507 2241 Annalium
524 2172 558 2241 ἃ
580 2167 828 2256 Historiarum,
857 2184 897 2240 ut
923 2165 1029 2239 hodie
1052 2185 1234 2240 vocantur.

260 2287 323 2358 Ille
340 2311 429 2358 unus
457 2286 519 2376 est,
544 2311 610 2359 nec
634 2286 743 2359 alium
770 2284 932 2383 scriptum
959 2284 1100 2358 illorum
1127 2285 1234 2359 libro·

259 2430 339 2479 rum
356 2405 527 2479 Codicem
545 2406 725 2478 habemus.
774 2407 870 2478 Nam
893 2404 979 2477 liber
993 2404 1146 2498 Jocundi
1162 2407 1234 2477 Ve-

260 2527 424 2613 ronenfis‚
453 2524 513 2621 qui
528 2551 549 2598 a
566 2524 740 2597 nonnullis
757 2540 1065 2612 commemoratur,
1088 2547 1236 2620 apogra-

261 2645 373 2740 phum
401 2642 493 2717 illius
517 2643 578 2733 est,
603 2664 709 2740 atque
732 2642 790 2716 ille
815 2641 900 2739 ipse,
926 2667 1032 2739 quem
1056 2641 1145 2740 saepe
1161 2645 1236 2715 Ur·

261 2765 350 2835 finus
362 2764 487 2835 laudat.
504 2787 540 2835 v.
551 2764 708 2834 Gronov.
725 2762 770 2835 ad
788 2765 837 2834 A.·
846 2763 912 2852 IV,
932 2763 989 2858 36.
1026 2763 1149 2859 ltaque
1164 2786 1237 2836 non

261 2885 352 2956 redte
378 2880 521 2973 faciunt,
548 2880 609 2979 qui
636 2882 795 2954 omnium
819 2882 1063 2978 exemplorum
1092 2877 1237 2977 scripto·

146 2986 148 2991 ¹
260 3024 339 3073 rum
355 2999 555 3074 consensum
574 3000 609 3073 in
628 3001 696 3074 istis
717 2999 812 3074 libris
829 3021 1115 3089 commemorant,
1140 3001 1238 3097 quod

258 3118 439 3216 aliquoties
455 3120 599 3194 memini
627 3145 685 3192 me
702 3118 858 3216 reperire.
907 3119 1033 3191 Codex
1049 3119 1107 3192 ille
1123 3144 1236 3216 quon·

260 3240 343 3312 dam
367 3236 432 3312 fuit
459 3238 663 3313 Monasterii
688 3237 903 3311 Corbeienfis
919 3237 956 3309 in
979 3236 1155 3326 Vestfalia,
1182 3261 1237 3309 re·

260 3379 376 3458 pertus
398 3361 443 3433 ab
462 3359 602 3456 Angelo
619 3357 872 3444 Arcombold0‚
898 3355 1079 3452 Qsaestore
1105 3352 1238 3429 Leonis

261 3481 310 3554 X.
339 3478 518 3552 Pontificis
540 3475 710 3563 Romani,
738 3477 772 3546 ὅτ
793 3474 838 3546 ud
854 3476 1014 3546 Leonem
1030 3472 1186 3544 delatus:
1217 3499 1239 3548 a

116 3664 125 3675 .
263 3623 336 3697 quo
352 3596 552 3697 quingentis
573 3593 684 3668 aureis
709 3592 823 3666 numis
839 3609 965 3679 emtus,
989 3590 1025 3662 in
1048 3589 1237 3666 Bibliothe-

260 3741 355 3808 cam,
382 3717 460 3814 post
482 3734 631 3789 mortem
649 3711 732 3811 ejus,
766 3709 999 3784 Florentinum
1022 3710 1126 3785 venit.
1177 3716 1237 3790 Ex

263 3861 307 3911 eo
336 3836 444 3910 edidit
471 3837 534 3908 hos
561 3834 664 3908 libros
695 3830 826 3929 primus
852 3829 942 3903 Phil.
970 3832 1168 3923 Beroaldus,
1198 3855 1237 3908 ut

261 3981 348 4031 mox
363 3956 397 4055 †
414 3954 571 4032 dicetur:
597 3951 653 4029 sed
666 3977 748 4026 eum
762 3951 838 4051 post
848 3950 1036 4027 accuratius
1048 3953 1236 4045 exculsere,

492 4090 495 4096 ·
766 4095 787 4143 a
