<?xml version="1.0" encoding="UTF-8"?>
<!DOCTYPE html PUBLIC "-//W3C//DTD XHTML 1.0 Transitional//EN"
    "http://www.w3.org/TR/xhtml1/DTD/xhtml1-transitional.dtd">
<html xmlns="http://www.w3.org/1999/xhtml" xml:lang="en" lang="en">
 <head>
  <title>
</title>
<meta http-equiv="Content-Type" content="text/html;charset=utf-8" />
  <meta name='ocr-system' content='tesseract 3.04.00' />
  <meta name='ocr-capabilities' content='ocr_page ocr_carea ocr_par ocr_line ocrx_word'/>
</head>
<body>
  <div class='ocr_page' id='page_1' title='image "./ccorneliitaciti03ernegoog_0349.png"; bbox 0 0 2986 5138; ppageno 0'>
   <div class='ocr_carea' id='block_1_1' title="bbox 349 542 1148 647">
    <p class='ocr_par' dir='ltr' id='par_1_1' title="bbox 349 542 1148 647">
     <span class='ocr_line' id='line_1_1' title="bbox 349 542 1148 647; baseline -0.01 -25"><span class='ocrx_word' id='word_1_1' title='bbox 349 573 418 647; x_wconf 87' lang='lat'>292</span> <span class='ocrx_word' id='word_1_2' title='bbox 582 542 1148 619; x_wconf 74' lang='lat' dir='ltr'>C.ConunarrTacrrt</span> 
     </span>
    </p>
   </div>
   <div class='ocr_carea' id='block_1_2' title="bbox 351 713 1331 1856">
    <p class='ocr_par' dir='ltr' id='par_1_2' title="bbox 351 713 1331 1856">
     <span class='ocr_line' id='line_1_2' title="bbox 351 713 1325 815; baseline -0.008 -23"><span class='ocrx_word' id='word_1_3' title='bbox 351 725 379 760; x_wconf 92' lang='lat'><strong>“</strong></span> <span class='ocrx_word' id='word_1_4' title='bbox 399 720 594 792; x_wconf 87' lang='lat' dir='ltr'>constanter</span> <span class='ocrx_word' id='word_1_5' title='bbox 610 722 770 808; x_wconf 92' lang='lat' dir='ltr'>tolerent,</span> <span class='ocrx_word' id='word_1_6' title='bbox 791 719 826 791; x_wconf 92' lang='lat' dir='ltr'>hi</span> <span class='ocrx_word' id='word_1_7' title='bbox 843 716 925 815; x_wconf 86' lang='lat' dir='ltr'>pros</span> <span class='ocrx_word' id='word_1_8' title='bbox 922 719 1000 814; x_wconf 70' lang='lat' dir='ltr'>perd</span> <span class='ocrx_word' id='word_1_9' title='bbox 1016 713 1205 789; x_wconf 67' lang='lat' dir='ltr'>inconsulte</span> <span class='ocrx_word' id='word_1_10' title='bbox 1222 730 1325 786; x_wconf 85' lang='lat' dir='ltr'>utan-</span> 
     </span>
     <span class='ocr_line' id='line_1_3' title="bbox 353 833 1326 935; baseline -0.005 -26"><span class='ocrx_word' id='word_1_11' title='bbox 353 845 380 879; x_wconf 89' lang='lat'><strong>“</strong></span> <span class='ocrx_word' id='word_1_12' title='bbox 399 840 492 910; x_wconf 88' lang='lat' dir='ltr'>tur.’&#39;</span> <span class='ocrx_word' id='word_1_13' title='bbox 517 841 679 912; x_wconf 75' lang='lat' dir='ltr'>Ceterum</span> <span class='ocrx_word' id='word_1_14' title='bbox 706 839 861 935; x_wconf 85' lang='lat' dir='ltr'><strong>plurimis</strong></span> <span class='ocrx_word' id='word_1_15' title='bbox 887 836 1084 909; x_wconf 87' lang='lat' dir='ltr'>mortalium</span> <span class='ocrx_word' id='word_1_16' title='bbox 1106 861 1177 908; x_wconf 93' lang='lat' dir='ltr'>non</span> <span class='ocrx_word' id='word_1_17' title='bbox 1198 833 1326 906; x_wconf 86' lang='lat' dir='ltr'>eximi-</span> 
     </span>
     <span class='ocr_line' id='line_1_4' title="bbox 352 951 1327 1055; baseline -0.002 -29"><span class='ocrx_word' id='word_1_18' title='bbox 352 976 423 1046; x_wconf 87' lang='lat' dir='ltr'>tur,</span> <span class='ocrx_word' id='word_1_19' title='bbox 453 958 538 1053; x_wconf 90' lang='lat' dir='ltr'>quin</span> <span class='ocrx_word' id='word_1_20' title='bbox 568 958 728 1054; x_wconf 90' lang='lat' dir='ltr'>“primo</span> <span class='ocrx_word' id='word_1_21' title='bbox 757 956 921 1055; x_wconf 90' lang='lat' dir='ltr'>cujusque</span> <span class='ocrx_word' id='word_1_22' title='bbox 948 977 1024 1028; x_wconf 90' lang='lat' dir='ltr'>ortu</span> <span class='ocrx_word' id='word_1_23' title='bbox 1054 975 1199 1028; x_wconf 87' lang='lat' dir='ltr'>ventura</span> <span class='ocrx_word' id='word_1_24' title='bbox 1222 951 1327 1024; x_wconf 87' lang='lat' dir='ltr'>desti-</span> 
     </span>
     <span class='ocr_line' id='line_1_5' title="bbox 354 1073 1329 1172; baseline -0.004 -25"><span class='ocrx_word' id='word_1_25' title='bbox 354 1082 382 1117; x_wconf 90' lang='lat'>“</span> <span class='ocrx_word' id='word_1_26' title='bbox 403 1097 547 1148; x_wconf 84' lang='lat' dir='ltr'>nentur:</span> <span class='ocrx_word' id='word_1_27' title='bbox 583 1075 640 1148; x_wconf 91' lang='lat' dir='ltr'>sed</span> <span class='ocrx_word' id='word_1_28' title='bbox 674 1078 835 1172; x_wconf 83' lang='lat' dir='ltr'>quaedam</span> <span class='ocrx_word' id='word_1_29' title='bbox 859 1074 951 1148; x_wconf 85' lang='lat' dir='ltr'>secus</span> <span class='ocrx_word' id='word_1_30' title='bbox 989 1075 1096 1170; x_wconf 72' lang='lat' dir='ltr'>quam</span> <span class='ocrx_word' id='word_1_31' title='bbox 1132 1073 1223 1145; x_wconf 71' lang='lat' dir='ltr'>dieta</span> <span class='ocrx_word' id='word_1_32' title='bbox 1263 1075 1329 1144; x_wconf 66' lang='grc' dir='ltr'>[ηπ</span> 
     </span>
     <span class='ocr_line' id='line_1_6' title="bbox 355 1190 1329 1292; baseline -0.005 -26"><span class='ocrx_word' id='word_1_33' title='bbox 355 1200 383 1236; x_wconf 88' lang='grc'><strong>“</strong></span> <span class='ocrx_word' id='word_1_34' title='bbox 402 1196 535 1281; x_wconf 88' lang='lat' dir='ltr'>cadere,</span> <span class='ocrx_word' id='word_1_35' title='bbox 554 1191 696 1266; x_wconf 88' lang='lat' dir='ltr'>fallaciis</span> <span class='ocrx_word' id='word_1_36' title='bbox 714 1194 834 1292; x_wconf 87' lang='lat' dir='ltr'>ignara</span> <span class='ocrx_word' id='word_1_37' title='bbox 850 1193 1059 1265; x_wconf 86' lang='lat' dir='ltr'>dicentium:</span> <span class='ocrx_word' id='word_1_38' title='bbox 1083 1193 1133 1264; x_wconf 90' lang='lat' dir='ltr'>ita</span> <span class='ocrx_word' id='word_1_39' title='bbox 1153 1190 1329 1288; x_wconf 89' lang='lat' dir='ltr'>corrumpi</span> 
     </span>
     <span class='ocr_line' id='line_1_7' title="bbox 355 1309 1330 1408; baseline -0.003 -25"><span class='ocrx_word' id='word_1_40' title='bbox 355 1319 383 1354; x_wconf 91' lang='lat'><strong>“</strong></span> <span class='ocrx_word' id='word_1_41' title='bbox 404 1314 511 1384; x_wconf 89' lang='lat' dir='ltr'>fidem</span> <span class='ocrx_word' id='word_1_42' title='bbox 533 1311 625 1399; x_wconf 90' lang='lat' dir='ltr'>artis,</span> <span class='ocrx_word' id='word_1_43' title='bbox 649 1309 746 1408; x_wconf 84' lang='lat' dir='ltr'>cujus</span> <span class='ocrx_word' id='word_1_44' title='bbox 770 1314 862 1384; x_wconf 87' lang='lat' dir='ltr'>clara</span> <span class='ocrx_word' id='word_1_45' title='bbox 877 1313 1104 1398; x_wconf 89' lang='lat' dir='ltr'>documenta,</span> <span class='ocrx_word' id='word_1_46' title='bbox 1128 1314 1161 1381; x_wconf 78' lang='grc' dir='ltr'>δι</span> <span class='ocrx_word' id='word_1_47' title='bbox 1183 1312 1330 1406; x_wconf 93' lang='lat' dir='ltr'>antiqua</span> 
     </span>
     <span class='ocr_line' id='line_1_8' title="bbox 357 1426 1330 1528; baseline 0 -27"><span class='ocrx_word' id='word_1_48' title='bbox 357 1437 385 1473; x_wconf 87' lang='lat'><strong>“</strong></span> <span class='ocrx_word' id='word_1_49' title='bbox 404 1448 485 1502; x_wconf 84' lang='lat' dir='ltr'>aetas</span> <span class='ocrx_word' id='word_1_50' title='bbox 503 1435 535 1502; x_wconf 66' lang='grc' dir='ltr'>ὃ(</span> <span class='ocrx_word' id='word_1_51' title='bbox 555 1430 668 1502; x_wconf 89' lang='lat' dir='ltr'>nostra</span> <span class='ocrx_word' id='word_1_52' title='bbox 684 1431 832 1503; x_wconf 88' lang='lat' dir='ltr'>tulerit.”</span> <span class='ocrx_word' id='word_1_53' title='bbox 881 1430 1025 1528; x_wconf 82' lang='lat' dir='ltr'>Qtippe</span> <span class='ocrx_word' id='word_1_54' title='bbox 1050 1455 1070 1501; x_wconf 93' lang='lat' dir='ltr'>a</span> <span class='ocrx_word' id='word_1_55' title='bbox 1087 1428 1161 1500; x_wconf 90' lang='lat' dir='ltr'>filio</span> <span class='ocrx_word' id='word_1_56' title='bbox 1177 1426 1330 1526; x_wconf 89' lang='lat' dir='ltr'>ejusdem</span> 
     </span>
     <span class='ocr_line' id='line_1_9' title="bbox 356 1547 1330 1644; baseline 0 -25"><span class='ocrx_word' id='word_1_57' title='bbox 356 1547 543 1644; x_wconf 85' lang='lat' dir='ltr'>Thrasylli,</span> <span class='ocrx_word' id='word_1_58' title='bbox 570 1549 772 1644; x_wconf 72' lang='lat' dir='ltr'>praedidtum</span> <span class='ocrx_word' id='word_1_59' title='bbox 791 1549 941 1621; x_wconf 91' lang='lat' dir='ltr'>Neronis</span> <span class='ocrx_word' id='word_1_60' title='bbox 959 1547 1160 1644; x_wconf 89' lang='lat' dir='ltr'>imperium,</span> <span class='ocrx_word' id='word_1_61' title='bbox 1187 1548 1221 1619; x_wconf 92' lang='lat' dir='ltr'>in</span> <span class='ocrx_word' id='word_1_62' title='bbox 1240 1566 1330 1619; x_wconf 89' lang='lat' dir='ltr'>tern-</span> 
     </span>
     <span class='ocr_line' id='line_1_10' title="bbox 358 1666 1331 1764; baseline 0.003 -28"><span class='ocrx_word' id='word_1_63' title='bbox 358 1691 444 1762; x_wconf 85' lang='lat' dir='ltr'>pore</span> <span class='ocrx_word' id='word_1_64' title='bbox 462 1667 724 1760; x_wconf 86' lang='lat' dir='ltr'>memorabitur,</span> <span class='ocrx_word' id='word_1_65' title='bbox 749 1693 793 1741; x_wconf 91' lang='lat' dir='ltr'>ne</span> <span class='ocrx_word' id='word_1_66' title='bbox 816 1695 908 1741; x_wconf 91' lang='lat' dir='ltr'>nunc</span> <span class='ocrx_word' id='word_1_67' title='bbox 931 1667 1070 1764; x_wconf 90' lang='lat' dir='ltr'>incepto</span> <span class='ocrx_word' id='word_1_68' title='bbox 1093 1666 1232 1764; x_wconf 78' lang='lat' dir='ltr'>longius</span> <span class='ocrx_word' id='word_1_69' title='bbox 1255 1666 1331 1739; x_wconf 89' lang='lat' dir='ltr'>abi·</span> 
     </span>
     <span class='ocr_line' id='line_1_11' title="bbox 357 1809 453 1856; baseline -0.01 0"><span class='ocrx_word' id='word_1_70' title='bbox 357 1809 453 1856; x_wconf 89' lang='lat' dir='ltr'>errm.</span> 
     </span>
    </p>
   </div>
   <div class='ocr_carea' id='block_1_3' title="bbox 406 1896 1334 1992">
    <p class='ocr_par' dir='ltr' id='par_1_3' title="bbox 406 1896 1334 1992">
     <span class='ocr_line' id='line_1_12' title="bbox 406 1896 1334 1992; baseline 0.001 -16"><span class='ocrx_word' id='word_1_71' title='bbox 406 1906 543 1977; x_wconf 87' lang='lat' dir='ltr'><strong>XXIII.</strong></span> <span class='ocrx_word' id='word_1_72' title='bbox 569 1908 710 1978; x_wconf 79' lang='lat' dir='ltr'>Irsnnnr</span> <span class='ocrx_word' id='word_1_73' title='bbox 739 1905 949 1992; x_wconf 86' lang='lat' dir='ltr'>consulibus,</span> <span class='ocrx_word' id='word_1_74' title='bbox 980 1896 1088 1976; x_wconf 82' lang='lat' dir='ltr'>Asinii</span> <span class='ocrx_word' id='word_1_75' title='bbox 1117 1903 1209 1976; x_wconf 94' lang='lat' dir='ltr'>Galli</span> <span class='ocrx_word' id='word_1_76' title='bbox 1237 1930 1334 1977; x_wconf 89' lang='lat' dir='ltr'>mors</span> 
     </span>
    </p>
   </div>
   <div class='ocr_carea' id='block_1_4' title="bbox 358 2023 1340 3658">
    <p class='ocr_par' dir='ltr' id='par_1_4' title="bbox 358 2023 1340 3658">
     <span class='ocr_line' id='line_1_13' title="bbox 358 2023 1334 2122; baseline -0.002 -26"><span class='ocrx_word' id='word_1_77' title='bbox 358 2025 535 2121; x_wconf 84' lang='lat' dir='ltr'>vulgatur,</span> <span class='ocrx_word' id='word_1_78' title='bbox 566 2050 672 2121; x_wconf 90' lang='lat' dir='ltr'>quem</span> <span class='ocrx_word' id='word_1_79' title='bbox 704 2025 851 2122; x_wconf 86' lang='lat' dir='ltr'>egestate</span> <span class='ocrx_word' id='word_1_80' title='bbox 883 2023 952 2096; x_wconf 90' lang='lat' dir='ltr'>cibi</span> <span class='ocrx_word' id='word_1_81' title='bbox 987 2042 1209 2119; x_wconf 88' lang='lat' dir='ltr'>peremptum</span> <span class='ocrx_word' id='word_1_82' title='bbox 1237 2024 1334 2095; x_wconf 87' lang='lat' dir='ltr'>haud</span> 
     </span>
     <span class='ocr_line' id='line_1_14' title="bbox 359 2141 1334 2239; baseline -0.001 -24"><span class='ocrx_word' id='word_1_83' title='bbox 359 2144 534 2229; x_wconf 83' lang='lat' dir='ltr'>dubium3</span> <span class='ocrx_word' id='word_1_84' title='bbox 562 2142 694 2239; x_wconf 86' lang='lat' dir='ltr'>sponte,</span> <span class='ocrx_word' id='word_1_85' title='bbox 726 2144 782 2215; x_wconf 85' lang='lat' dir='ltr'>vel</span> <span class='ocrx_word' id='word_1_86' title='bbox 808 2145 1010 2230; x_wconf 80' lang='lat' dir='ltr'>necessitate,</span> <span class='ocrx_word' id='word_1_87' title='bbox 1040 2141 1207 2214; x_wconf 91' lang='lat' dir='ltr'>incertum</span> <span class='ocrx_word' id='word_1_88' title='bbox 1225 2142 1334 2215; x_wconf 89' lang='lat' dir='ltr'>habe-</span> 
     </span>
     <span class='ocr_line' id='line_1_15' title="bbox 360 2259 1336 2358; baseline -0.001 -25"><span class='ocrx_word' id='word_1_89' title='bbox 360 2264 474 2333; x_wconf 90' lang='lat' dir='ltr'>batur.</span> <span class='ocrx_word' id='word_1_90' title='bbox 524 2260 775 2358; x_wconf 86' lang='lat' dir='ltr'>Consultusque</span> <span class='ocrx_word' id='word_1_91' title='bbox 791 2260 900 2334; x_wconf 82' lang='lat' dir='ltr'>Caesar</span> <span class='ocrx_word' id='word_1_92' title='bbox 925 2268 952 2303; x_wconf 90' lang='lat'><strong>“</strong></span> <span class='ocrx_word' id='word_1_93' title='bbox 965 2286 1008 2333; x_wconf 90' lang='lat' dir='ltr'>an</span> <span class='ocrx_word' id='word_1_94' title='bbox 1025 2259 1155 2356; x_wconf 90' lang='lat' dir='ltr'>sepeliri</span> <span class='ocrx_word' id='word_1_95' title='bbox 1174 2264 1336 2351; x_wconf 86' lang='lat' dir='ltr'>fineret,&#39;&#39;</span> 
     </span>
     <span class='ocr_line' id='line_1_16' title="bbox 362 2377 1335 2476; baseline 0.003 -25"><span class='ocrx_word' id='word_1_96' title='bbox 362 2405 435 2451; x_wconf 94' lang='lat' dir='ltr'>non</span> <span class='ocrx_word' id='word_1_97' title='bbox 451 2377 586 2451; x_wconf 90' lang='lat' dir='ltr'>erubuit</span> <span class='ocrx_word' id='word_1_98' title='bbox 604 2377 814 2474; x_wconf 74' lang='lat' dir='ltr'>permittere,</span> <span class='ocrx_word' id='word_1_99' title='bbox 830 2382 993 2476; x_wconf 92' lang='lat' dir='ltr'>ultroque</span> <span class='ocrx_word' id='word_1_100' title='bbox 1009 2379 1160 2451; x_wconf 86' lang='lat' dir='ltr'>incusare</span> <span class='ocrx_word' id='word_1_101' title='bbox 1186 2387 1212 2421; x_wconf 91' lang='lat'><strong>“</strong></span> <span class='ocrx_word' id='word_1_102' title='bbox 1226 2380 1335 2472; x_wconf 88' lang='lat' dir='ltr'>casus,</span> 
     </span>
     <span class='ocr_line' id='line_1_17' title="bbox 368 2497 1337 2594; baseline 0.005 -26"><span class='ocrx_word' id='word_1_103' title='bbox 368 2504 399 2539; x_wconf 88' lang='lat'><strong>“</strong></span> <span class='ocrx_word' id='word_1_104' title='bbox 416 2497 478 2592; x_wconf 91' lang='lat' dir='ltr'>qui</span> <span class='ocrx_word' id='word_1_105' title='bbox 495 2521 591 2567; x_wconf 91' lang='lat' dir='ltr'>reum</span> <span class='ocrx_word' id='word_1_106' title='bbox 609 2497 820 2568; x_wconf 81' lang='lat' dir='ltr'>abstulissent</span> <span class='ocrx_word' id='word_1_107' title='bbox 845 2518 1031 2594; x_wconf 92' lang='lat' dir='ltr'>antequam</span> <span class='ocrx_word' id='word_1_108' title='bbox 1055 2521 1172 2570; x_wconf 91' lang='lat' dir='ltr'>coram</span> <span class='ocrx_word' id='word_1_109' title='bbox 1188 2500 1337 2573; x_wconf 90' lang='lat' dir='ltr'>convin-</span> 
     </span>
     <span class='ocr_line' id='line_1_18' title="bbox 362 2612 1336 2692; baseline 0.006 -7"><span class='ocrx_word' id='word_1_110' title='bbox 362 2620 391 2656; x_wconf 89' lang='lat'><strong>“</strong></span> <span class='ocrx_word' id='word_1_111' title='bbox 411 2633 542 2686; x_wconf 90' lang='lat' dir='ltr'>ceretur</span> <span class='ocrx_word' id='word_1_112' title='bbox 556 2616 591 2684; x_wconf 89' lang='lat'>:&#39;&#39;</span> <span class='ocrx_word' id='word_1_113' title='bbox 621 2612 748 2686; x_wconf 88' lang='lat' dir='ltr'>scilicet</span> <span class='ocrx_word' id='word_1_114' title='bbox 766 2615 884 2687; x_wconf 92' lang='lat' dir='ltr'>medio</span> <span class='ocrx_word' id='word_1_115' title='bbox 900 2616 1049 2688; x_wconf 91' lang='lat' dir='ltr'>triennio</span> <span class='ocrx_word' id='word_1_116' title='bbox 1065 2615 1217 2689; x_wconf 87' lang='lat' dir='ltr'>defuerat</span> <span class='ocrx_word' id='word_1_117' title='bbox 1245 2637 1336 2692; x_wconf 89' lang='lat' dir='ltr'>tem-</span> 
     </span>
     <span class='ocr_line' id='line_1_19' title="bbox 362 2731 1336 2829; baseline 0.009 -27"><span class='ocrx_word' id='word_1_118' title='bbox 362 2759 428 2828; x_wconf 85' lang='lat' dir='ltr'>pus</span> <span class='ocrx_word' id='word_1_119' title='bbox 444 2731 611 2804; x_wconf 88' lang='lat' dir='ltr'>subeundi</span> <span class='ocrx_word' id='word_1_120' title='bbox 633 2731 808 2829; x_wconf 87' lang='lat' dir='ltr'>judicium</span> <span class='ocrx_word' id='word_1_121' title='bbox 826 2734 993 2805; x_wconf 85' lang='lat' dir='ltr'>consulari</span> <span class='ocrx_word' id='word_1_122' title='bbox 1010 2733 1093 2823; x_wconf 85' lang='lat' dir='ltr'>seni,</span> <span class='ocrx_word' id='word_1_123' title='bbox 1113 2756 1163 2806; x_wconf 90' lang='lat' dir='ltr'>tot</span> <span class='ocrx_word' id='word_1_124' title='bbox 1182 2737 1336 2811; x_wconf 89' lang='lat' dir='ltr'>consula·</span> 
     </span>
     <span class='ocr_line' id='line_1_20' title="bbox 363 2851 1339 2951; baseline 0.009 -30"><span class='ocrx_word' id='word_1_125' title='bbox 363 2851 453 2922; x_wconf 87' lang='lat' dir='ltr'>rium</span> <span class='ocrx_word' id='word_1_126' title='bbox 491 2851 636 2945; x_wconf 88' lang='lat' dir='ltr'>parenti.</span> <span class='ocrx_word' id='word_1_127' title='bbox 687 2852 816 2924; x_wconf 88' lang='lat' dir='ltr'>Drusus</span> <span class='ocrx_word' id='word_1_128' title='bbox 834 2853 961 2925; x_wconf 88' lang='lat' dir='ltr'>deinde</span> <span class='ocrx_word' id='word_1_129' title='bbox 977 2853 1218 2951; x_wconf 83' lang='lat' dir='ltr'>exstinguitur,</span> <span class='ocrx_word' id='word_1_130' title='bbox 1254 2860 1339 2931; x_wconf 78' lang='lat' dir='ltr'>cum</span> 
     </span>
     <span class='ocr_line' id='line_1_21' title="bbox 363 2967 1338 3059; baseline 0.01 -20"><span class='ocrx_word' id='word_1_131' title='bbox 363 2967 395 3039; x_wconf 91' lang='lat' dir='ltr'>se</span> <span class='ocrx_word' id='word_1_132' title='bbox 414 2968 610 3041; x_wconf 89' lang='lat' dir='ltr'>miserandis</span> <span class='ocrx_word' id='word_1_133' title='bbox 628 2971 813 3059; x_wconf 86' lang='lat' dir='ltr'>alimentis,</span> <span class='ocrx_word' id='word_1_134' title='bbox 829 2973 1027 3043; x_wconf 90' lang='lat' dir='ltr'>mandendo</span> <span class='ocrx_word' id='word_1_135' title='bbox 1045 2999 1064 3043; x_wconf 90' lang='lat' dir='ltr'>e</span> <span class='ocrx_word' id='word_1_136' title='bbox 1082 2974 1188 3045; x_wconf 89' lang='lat' dir='ltr'>cubili</span> <span class='ocrx_word' id='word_1_137' title='bbox 1202 2996 1338 3049; x_wconf 89' lang='lat' dir='ltr'>tomen·</span> 
     </span>
     <span class='ocr_line' id='line_1_22' title="bbox 364 3091 1338 3190; baseline 0.009 -33"><span class='ocrx_word' id='word_1_138' title='bbox 364 3108 415 3175; x_wconf 89' lang='lat' dir='ltr'>to,</span> <span class='ocrx_word' id='word_1_139' title='bbox 447 3114 578 3159; x_wconf 90' lang='lat' dir='ltr'>nonum</span> <span class='ocrx_word' id='word_1_140' title='bbox 607 3091 650 3160; x_wconf 88' lang='lat' dir='ltr'>ad</span> <span class='ocrx_word' id='word_1_141' title='bbox 683 3091 778 3161; x_wconf 85' lang='lat' dir='ltr'>diem</span> <span class='ocrx_word' id='word_1_142' title='bbox 795 3091 1000 3161; x_wconf 82' lang='lat' dir='ltr'>detinuisset.</span> <span class='ocrx_word' id='word_1_143' title='bbox 1051 3092 1338 3190; x_wconf 70' lang='lat' dir='ltr'>Tradiderequi-</span> 
     </span>
     <span class='ocr_line' id='line_1_23' title="bbox 364 3205 1339 3301; baseline 0.01 -25"><span class='ocrx_word' id='word_1_144' title='bbox 364 3207 461 3294; x_wconf 89' lang='lat' dir='ltr'>dam,</span> <span class='ocrx_word' id='word_1_145' title='bbox 501 3205 741 3301; x_wconf 73' lang='lat' dir='ltr'>praescriptum·</span> <span class='ocrx_word' id='word_1_146' title='bbox 770 3208 867 3280; x_wconf 76' lang='lat' dir='ltr'>fuisse</span> <span class='ocrx_word' id='word_1_147' title='bbox 902 3211 1075 3298; x_wconf 86' lang='lat' dir='ltr'>Macroni,</span> <span class='ocrx_word' id='word_1_148' title='bbox 1112 3215 1133 3282; x_wconf 83' lang='lat' dir='ltr'>si</span> <span class='ocrx_word' id='word_1_149' title='bbox 1168 3238 1264 3284; x_wconf 84' lang='lat' dir='ltr'>arma</span> <span class='ocrx_word' id='word_1_150' title='bbox 1293 3217 1339 3287; x_wconf 88' lang='lat' dir='ltr'>ab</span> 
     </span>
     <span class='ocr_line' id='line_1_24' title="bbox 364 3323 1338 3426; baseline 0.011 -32"><span class='ocrx_word' id='word_1_151' title='bbox 364 3323 485 3419; x_wconf 81' lang='lat' dir='ltr'>Sejano</span> <span class='ocrx_word' id='word_1_152' title='bbox 513 3344 736 3413; x_wconf 84' lang='lat' dir='ltr'>tentarentur,</span> <span class='ocrx_word' id='word_1_153' title='bbox 767 3329 959 3399; x_wconf 70' lang='lat' dir='ltr'>extraclum</span> <span class='ocrx_word' id='word_1_154' title='bbox 989 3329 1142 3401; x_wconf 71' lang='lat' dir='ltr'>custodial</span> <span class='ocrx_word' id='word_1_155' title='bbox 1165 3329 1338 3426; x_wconf 83' lang='lat' dir='ltr'>juvenem</span> 
     </span>
     <span class='ocr_line' id='line_1_25' title="bbox 368 3443 1339 3553; baseline 0.01 -40"><span class='ocrx_word' id='word_1_156' title='bbox 368 3447 469 3535; x_wconf 86' lang='lat' dir='ltr'>(nam</span> <span class='ocrx_word' id='word_1_157' title='bbox 500 3443 534 3512; x_wconf 91' lang='lat' dir='ltr'>in</span> <span class='ocrx_word' id='word_1_158' title='bbox 563 3444 688 3538; x_wconf 86' lang='lat' dir='ltr'>palatio</span> <span class='ocrx_word' id='word_1_159' title='bbox 706 3444 928 3539; x_wconf 83' lang='lat' dir='ltr'>attinebatur)</span> <span class='ocrx_word' id='word_1_160' title='bbox 957 3449 1082 3521; x_wconf 85' lang='lat' dir='ltr'>ducem</span> <span class='ocrx_word' id='word_1_161' title='bbox 1112 3452 1245 3553; x_wconf 87' lang='lat' dir='ltr'>populo</span> <span class='ocrx_word' id='word_1_162' title='bbox 1273 3450 1339 3523; x_wconf 92' lang='lat' dir='ltr'>im·</span> 
     </span>
     <span class='ocr_line' id='line_1_26' title="bbox 367 3563 1340 3658; baseline 0.009 -27"><span class='ocrx_word' id='word_1_163' title='bbox 367 3587 520 3655; x_wconf 90' lang='lat' dir='ltr'>ponere:</span> <span class='ocrx_word' id='word_1_164' title='bbox 557 3589 641 3632; x_wconf 89' lang='lat' dir='ltr'>mox</span> <span class='ocrx_word' id='word_1_165' title='bbox 672 3563 752 3657; x_wconf 87' lang='lat' dir='ltr'>quia</span> <span class='ocrx_word' id='word_1_166' title='bbox 779 3590 896 3636; x_wconf 89' lang='lat' dir='ltr'>rumor</span> <span class='ocrx_word' id='word_1_167' title='bbox 925 3564 1119 3657; x_wconf 86' lang='lat' dir='ltr'>incedebat,</span> <span class='ocrx_word' id='word_1_168' title='bbox 1152 3577 1179 3611; x_wconf 89' lang='lat'><strong>“</strong></span> <span class='ocrx_word' id='word_1_169' title='bbox 1195 3568 1280 3658; x_wconf 88' lang='lat' dir='ltr'>sore,</span> <span class='ocrx_word' id='word_1_170' title='bbox 1300 3590 1340 3640; x_wconf 92' lang='lat' dir='ltr'>ut</span> 
     </span>
    </p>
   </div>
   <div class='ocr_carea' id='block_1_5' title="bbox 368 3678 1340 3892">
    <p class='ocr_par' dir='ltr' id='par_1_5' title="bbox 368 3678 1340 3892">
     <span class='ocr_line' id='line_1_27' title="bbox 368 3678 1340 3779; baseline 0.015 -31"><span class='ocrx_word' id='word_1_171' title='bbox 368 3687 395 3720; x_wconf 92' lang='lat'><strong>“</strong></span> <span class='ocrx_word' id='word_1_172' title='bbox 415 3678 516 3749; x_wconf 89' lang='lat' dir='ltr'>nurui</span> <span class='ocrx_word' id='word_1_173' title='bbox 534 3707 573 3751; x_wconf 92' lang='lat' dir='ltr'>ac</span> <span class='ocrx_word' id='word_1_174' title='bbox 592 3682 707 3775; x_wconf 89' lang='lat' dir='ltr'>nepoti</span> <span class='ocrx_word' id='word_1_175' title='bbox 727 3682 966 3756; x_wconf 85' lang='lat' dir='ltr'>conciliaretur</span> <span class='ocrx_word' id='word_1_176' title='bbox 984 3687 1133 3779; x_wconf 78' lang='lat' dir='ltr'>Caesar,’&#39;</span> <span class='ocrx_word' id='word_1_177' title='bbox 1157 3687 1340 3778; x_wconf 72' lang='lat' dir='ltr'>saevitiam,</span> 
     </span>
     <span class='ocr_line' id='line_1_28' title="bbox 369 3798 895 3892; baseline 0.015 -26"><span class='ocrx_word' id='word_1_178' title='bbox 369 3798 476 3891; x_wconf 72' lang='lat' dir='ltr'>quam</span> <span class='ocrx_word' id='word_1_179' title='bbox 502 3799 739 3892; x_wconf 72' lang='lat' dir='ltr'>paenitentiam</span> <span class='ocrx_word' id='word_1_180' title='bbox 765 3801 895 3874; x_wconf 87' lang='lat' dir='ltr'>maluit.</span> 
     </span>
    </p>
   </div>
   <div class='ocr_carea' id='block_1_6' title="bbox 0 0 1525 5138">
    <p class='ocr_par' dir='ltr' id='par_1_6' title="bbox 0 0 1525 5138">
     <span class='ocr_line' id='line_1_29' title="bbox 0 0 1525 5138; baseline 0 0"><span class='ocrx_word' id='word_1_181' title='bbox 0 0 1525 5138; x_wconf 95' lang='lat' dir='ltr'> </span> 
     </span>
    </p>
   </div>
  </div>
 </body>
</html>
