<?xml version="1.0" encoding="UTF-8"?>
<!DOCTYPE html PUBLIC "-//W3C//DTD XHTML 1.0 Transitional//EN"
    "http://www.w3.org/TR/xhtml1/DTD/xhtml1-transitional.dtd">
<html xmlns="http://www.w3.org/1999/xhtml" xml:lang="en" lang="en">
 <head>
  <title>
</title>
<meta http-equiv="Content-Type" content="text/html;charset=utf-8" />
  <meta name='ocr-system' content='tesseract 3.04.00' />
  <meta name='ocr-capabilities' content='ocr_page ocr_carea ocr_par ocr_line ocrx_word'/>
</head>
<body>
  <div class='ocr_page' id='page_1' title='image "./ccorneliitaciti03ernegoog_0295.png"; bbox 0 0 2986 5138; ppageno 0'>
   <div class='ocr_carea' id='block_1_1' title="bbox 342 553 1109 653">
    <p class='ocr_par' dir='ltr' id='par_1_1' title="bbox 342 553 1109 653">
     <span class='ocr_line' id='line_1_1' title="bbox 342 553 1109 653; baseline -0.004 -24"><span class='ocrx_word' id='word_1_1' title='bbox 342 559 409 653; x_wconf 85' lang='lat'>238</span> <span class='ocrx_word' id='word_1_2' title='bbox 535 553 1109 628; x_wconf 76' lang='lat' dir='ltr'>C.Conuar11TAc1rr</span> 
     </span>
    </p>
   </div>
   <div class='ocr_carea' id='block_1_2' title="bbox 336 725 1323 3931">
    <p class='ocr_par' dir='ltr' id='par_1_2' title="bbox 341 725 1322 1532">
     <span class='ocr_line' id='line_1_2' title="bbox 341 725 1321 826; baseline 0.002 -25"><span class='ocrx_word' id='word_1_3' title='bbox 341 729 440 826; x_wconf 91' lang='lat' dir='ltr'>super</span> <span class='ocrx_word' id='word_1_4' title='bbox 472 731 626 817; x_wconf 68' lang='lat' dir='ltr'>deleelae,</span> <span class='ocrx_word' id='word_1_5' title='bbox 662 729 859 825; x_wconf 84' lang='lat' dir='ltr'>augendam</span> <span class='ocrx_word' id='word_1_6' title='bbox 886 727 932 801; x_wconf 92' lang='lat' dir='ltr'>ad</span> <span class='ocrx_word' id='word_1_7' title='bbox 959 725 1194 801; x_wconf 85' lang='lat' dir='ltr'><strong>formidinem.</strong></span> <span class='ocrx_word' id='word_1_8' title='bbox 1245 731 1321 803; x_wconf 89' lang='lat' dir='ltr'>Sed</span> 
     </span>
     <span class='ocr_line' id='line_1_3' title="bbox 342 846 1322 944; baseline 0.003 -24"><span class='ocrx_word' id='word_1_9' title='bbox 342 848 402 944; x_wconf 94' lang='lat' dir='ltr'>qui</span> <span class='ocrx_word' id='word_1_10' title='bbox 432 850 563 921; x_wconf 88' lang='lat' dir='ltr'>vallum</span> <span class='ocrx_word' id='word_1_11' title='bbox 586 847 764 942; x_wconf 83' lang='lat' dir='ltr'>legionum</span> <span class='ocrx_word' id='word_1_12' title='bbox 787 851 980 937; x_wconf 83' lang='lat' dir='ltr'>tentabant,</span> <span class='ocrx_word' id='word_1_13' title='bbox 1007 846 1105 921; x_wconf 72' lang='lat' dir='ltr'>facile</span> <span class='ocrx_word' id='word_1_14' title='bbox 1128 850 1322 944; x_wconf 88' lang='lat' dir='ltr'>pelluntur.</span> 
     </span>
     <span class='ocr_line' id='line_1_4' title="bbox 341 967 1318 1063; baseline 0.003 -24"><span class='ocrx_word' id='word_1_15' title='bbox 341 970 518 1041; x_wconf 88' lang='lat' dir='ltr'>Thracum</span> <span class='ocrx_word' id='word_1_16' title='bbox 545 967 688 1057; x_wconf 83' lang='lat' dir='ltr'>auxilia,</span> <span class='ocrx_word' id='word_1_17' title='bbox 715 967 892 1063; x_wconf 89' lang='lat' dir='ltr'>repentino</span> <span class='ocrx_word' id='word_1_18' title='bbox 914 968 1050 1041; x_wconf 87' lang='lat' dir='ltr'>incursu</span> <span class='ocrx_word' id='word_1_19' title='bbox 1073 968 1200 1057; x_wconf 87' lang='lat' dir='ltr'>territa,</span> <span class='ocrx_word' id='word_1_20' title='bbox 1227 970 1318 1042; x_wconf 74' lang='lat' dir='ltr'>clun</span> 
     </span>
     <span class='ocr_line' id='line_1_5' title="bbox 343 1086 1318 1185; baseline -0.001 -27"><span class='ocrx_word' id='word_1_21' title='bbox 343 1112 420 1184; x_wconf 87' lang='lat' dir='ltr'>pars</span> <span class='ocrx_word' id='word_1_22' title='bbox 439 1086 688 1159; x_wconf 83' lang='lat' dir='ltr'>munitionibus</span> <span class='ocrx_word' id='word_1_23' title='bbox 716 1086 920 1182; x_wconf 88' lang='lat' dir='ltr'>adjacerent,</span> <span class='ocrx_word' id='word_1_24' title='bbox 948 1090 1063 1185; x_wconf 88' lang='lat' dir='ltr'>plures</span> <span class='ocrx_word' id='word_1_25' title='bbox 1092 1087 1186 1159; x_wconf 69' lang='lat' dir='ltr'>extra</span> <span class='ocrx_word' id='word_1_26' title='bbox 1215 1088 1318 1183; x_wconf 83' lang='lat' dir='ltr'>pala·</span> 
     </span>
     <span class='ocr_line' id='line_1_6' title="bbox 343 1203 1320 1303; baseline 0.002 -25"><span class='ocrx_word' id='word_1_27' title='bbox 343 1227 472 1295; x_wconf 88' lang='lat' dir='ltr'>rentur,</span> <span class='ocrx_word' id='word_1_28' title='bbox 498 1204 593 1277; x_wconf 75' lang='lat' dir='ltr'>tanti)</span> <span class='ocrx_word' id='word_1_29' title='bbox 610 1203 768 1277; x_wconf 79' lang='lat' dir='ltr'>infensius</span> <span class='ocrx_word' id='word_1_30' title='bbox 785 1210 872 1295; x_wconf 81' lang='lat' dir='ltr'>eaesr,</span> <span class='ocrx_word' id='word_1_31' title='bbox 900 1207 1032 1303; x_wconf 81' lang='lat' dir='ltr'>quantb</span> <span class='ocrx_word' id='word_1_32' title='bbox 1061 1213 1088 1250; x_wconf 92' lang='lat'><strong>“</strong></span> <span class='ocrx_word' id='word_1_33' title='bbox 1107 1205 1261 1303; x_wconf 84' lang='lat' dir='ltr'>persugae</span> <span class='ocrx_word' id='word_1_34' title='bbox 1280 1211 1320 1281; x_wconf 89' lang='lat'>&amp;</span> 
     </span>
     <span class='ocr_line' id='line_1_7' title="bbox 344 1322 1320 1424; baseline 0.003 -29"><span class='ocrx_word' id='word_1_35' title='bbox 344 1333 372 1368; x_wconf 90' lang='lat'><strong>“</strong></span> <span class='ocrx_word' id='word_1_36' title='bbox 391 1324 596 1422; x_wconf 86' lang='lat' dir='ltr'>proditores,</span> <span class='ocrx_word' id='word_1_37' title='bbox 623 1322 707 1396; x_wconf 89' lang='lat' dir='ltr'>serre</span> <span class='ocrx_word' id='word_1_38' title='bbox 732 1351 828 1397; x_wconf 88' lang='lat' dir='ltr'>arma</span> <span class='ocrx_word' id='word_1_39' title='bbox 855 1327 898 1398; x_wconf 87' lang='lat' dir='ltr'>ad</span> <span class='ocrx_word' id='word_1_40' title='bbox 920 1325 1019 1400; x_wconf 94' lang='lat' dir='ltr'>suum</span> <span class='ocrx_word' id='word_1_41' title='bbox 1036 1326 1224 1424; x_wconf 80' lang='lat' dir='ltr'>patriaque</span> <span class='ocrx_word' id='word_1_42' title='bbox 1245 1322 1320 1398; x_wconf 88' lang='lat' dir='ltr'>ser·</span> 
     </span>
     <span class='ocr_line' id='line_1_8' title="bbox 345 1443 830 1532; baseline 0 -16"><span class='ocrx_word' id='word_1_43' title='bbox 345 1453 371 1488; x_wconf 81' lang='lat'>‘⁴</span> <span class='ocrx_word' id='word_1_44' title='bbox 391 1444 556 1532; x_wconf 89' lang='lat' dir='ltr'>vitium,’&#39;</span> <span class='ocrx_word' id='word_1_45' title='bbox 580 1443 830 1517; x_wconf 81' lang='lat' dir='ltr'>incusabantur.</span> 
     </span>
    </p>

    <p class='ocr_par' dir='ltr' id='par_1_3' title="bbox 336 1564 1323 3931">
     <span class='ocr_line' id='line_1_9' title="bbox 390 1564 1320 1663; baseline 0 -25"><span class='ocrx_word' id='word_1_46' title='bbox 390 1564 525 1638; x_wconf 90' lang='lat' dir='ltr'>XLIX.</span> <span class='ocrx_word' id='word_1_47' title='bbox 548 1565 728 1635; x_wconf 78' lang='lat' dir='ltr'>Posrana</span> <span class='ocrx_word' id='word_1_48' title='bbox 755 1565 812 1636; x_wconf 90' lang='lat' dir='ltr'>die</span> <span class='ocrx_word' id='word_1_49' title='bbox 828 1564 972 1638; x_wconf 86' lang='lat' dir='ltr'>Sabinus</span> <span class='ocrx_word' id='word_1_50' title='bbox 992 1565 1181 1639; x_wconf 87' lang='lat' dir='ltr'>exercitum</span> <span class='ocrx_word' id='word_1_51' title='bbox 1207 1591 1320 1663; x_wconf 86' lang='lat' dir='ltr'>aequo</span> 
     </span>
     <span class='ocr_line' id='line_1_10' title="bbox 343 1682 1319 1776; baseline 0.002 -20"><span class='ocrx_word' id='word_1_52' title='bbox 343 1687 421 1756; x_wconf 90' lang='lat' dir='ltr'>loco</span> <span class='ocrx_word' id='word_1_53' title='bbox 448 1682 607 1771; x_wconf 88' lang='lat' dir='ltr'>ostendit,</span> <span class='ocrx_word' id='word_1_54' title='bbox 644 1686 666 1755; x_wconf 84' lang='lat' dir='ltr'>si</span> <span class='ocrx_word' id='word_1_55' title='bbox 692 1686 840 1774; x_wconf 85' lang='lat' dir='ltr'>barbari,</span> <span class='ocrx_word' id='word_1_56' title='bbox 867 1684 1018 1758; x_wconf 81' lang='lat' dir='ltr'>successu</span> <span class='ocrx_word' id='word_1_57' title='bbox 1046 1686 1154 1758; x_wconf 71' lang='lat' dir='ltr'>noetis</span> <span class='ocrx_word' id='word_1_58' title='bbox 1170 1686 1319 1776; x_wconf 72' lang='lat' dir='ltr'>alacreS,</span> 
     </span>
     <span class='ocr_line' id='line_1_11' title="bbox 345 1803 1321 1901; baseline -0.001 -25"><span class='ocrx_word' id='word_1_59' title='bbox 345 1804 509 1900; x_wconf 88' lang='lat' dir='ltr'>proelium</span> <span class='ocrx_word' id='word_1_60' title='bbox 526 1803 708 1874; x_wconf 87' lang='lat' dir='ltr'>auderent:</span> <span class='ocrx_word' id='word_1_61' title='bbox 738 1807 771 1876; x_wconf 71' lang='grc' dir='ltr'>ἃ</span> <span class='ocrx_word' id='word_1_62' title='bbox 790 1805 970 1901; x_wconf 85' lang='lat' dir='ltr'>postquam</span> <span class='ocrx_word' id='word_1_63' title='bbox 987 1804 1138 1893; x_wconf 87' lang='lat' dir='ltr'>castello,</span> <span class='ocrx_word' id='word_1_64' title='bbox 1156 1824 1214 1876; x_wconf 91' lang='lat' dir='ltr'>aut</span> <span class='ocrx_word' id='word_1_65' title='bbox 1228 1828 1321 1876; x_wconf 88' lang='lat' dir='ltr'>con-</span> 
     </span>
     <span class='ocr_line' id='line_1_12' title="bbox 338 1921 1321 2020; baseline 0.002 -24"><span class='ocrx_word' id='word_1_66' title='bbox 338 1921 468 2020; x_wconf 70' lang='lat' dir='ltr'>junclis</span> <span class='ocrx_word' id='word_1_67' title='bbox 485 1921 626 1994; x_wconf 89' lang='lat' dir='ltr'>tumulis</span> <span class='ocrx_word' id='word_1_68' title='bbox 639 1948 709 1994; x_wconf 94' lang='lat' dir='ltr'>non</span> <span class='ocrx_word' id='word_1_69' title='bbox 726 1923 1028 2020; x_wconf 84' lang='lat' dir='ltr'>degrediebantur,</span> <span class='ocrx_word' id='word_1_70' title='bbox 1054 1923 1224 1996; x_wconf 78' lang='lat' dir='ltr'>obsidium</span> <span class='ocrx_word' id='word_1_71' title='bbox 1240 1949 1321 1998; x_wconf 89' lang='lat' dir='ltr'>coe·</span> 
     </span>
     <span class='ocr_line' id='line_1_13' title="bbox 345 2041 1320 2141; baseline 0.005 -25"><span class='ocrx_word' id='word_1_72' title='bbox 345 2044 396 2141; x_wconf 89' lang='lat' dir='ltr'>pit</span> <span class='ocrx_word' id='word_1_73' title='bbox 414 2070 475 2140; x_wconf 92' lang='lat' dir='ltr'>per</span> <span class='ocrx_word' id='word_1_74' title='bbox 492 2042 657 2140; x_wconf 82' lang='lat' dir='ltr'>praefidia,</span> <span class='ocrx_word' id='word_1_75' title='bbox 685 2068 763 2140; x_wconf 86' lang='lat' dir='ltr'>quae</span> <span class='ocrx_word' id='word_1_76' title='bbox 791 2043 989 2139; x_wconf 70' lang='lat' dir='ltr'>opportune</span> <span class='ocrx_word' id='word_1_77' title='bbox 1010 2041 1084 2140; x_wconf 89' lang='lat' dir='ltr'>jam</span> <span class='ocrx_word' id='word_1_78' title='bbox 1113 2043 1320 2122; x_wconf 82' lang='lat' dir='ltr'>muniebat:</span> 
     </span>
     <span class='ocr_line' id='line_1_14' title="bbox 343 2161 1323 2260; baseline 0.001 -24"><span class='ocrx_word' id='word_1_79' title='bbox 343 2164 423 2236; x_wconf 92' lang='lat' dir='ltr'>dein</span> <span class='ocrx_word' id='word_1_80' title='bbox 441 2161 563 2235; x_wconf 85' lang='lat' dir='ltr'>soffam</span> <span class='ocrx_word' id='word_1_81' title='bbox 580 2162 791 2258; x_wconf 85' lang='lat' dir='ltr'>loricamque</span> <span class='ocrx_word' id='word_1_82' title='bbox 814 2183 1016 2251; x_wconf 85' lang='lat' dir='ltr'>contexens,</span> <span class='ocrx_word' id='word_1_83' title='bbox 1043 2183 1189 2260; x_wconf 89' lang='lat' dir='ltr'>quatuor</span> <span class='ocrx_word' id='word_1_84' title='bbox 1207 2163 1323 2238; x_wconf 89' lang='lat' dir='ltr'>millia</span> 
     </span>
     <span class='ocr_line' id='line_1_15' title="bbox 345 2281 1318 2380; baseline 0.001 -25"><span class='ocrx_word' id='word_1_85' title='bbox 345 2285 502 2380; x_wconf 76' lang='lat' dir='ltr'>passuum</span> <span class='ocrx_word' id='word_1_86' title='bbox 524 2284 657 2377; x_wconf 84' lang='lat' dir='ltr'>ambitu</span> <span class='ocrx_word' id='word_1_87' title='bbox 681 2282 862 2376; x_wconf 88' lang='lat' dir='ltr'>amplexus</span> <span class='ocrx_word' id='word_1_88' title='bbox 890 2281 948 2354; x_wconf 88' lang='lat' dir='ltr'>est.</span> <span class='ocrx_word' id='word_1_89' title='bbox 997 2284 1093 2354; x_wconf 92' lang='lat' dir='ltr'>Tum</span> <span class='ocrx_word' id='word_1_90' title='bbox 1119 2282 1318 2378; x_wconf 83' lang='lat' dir='ltr'>paullatim,</span> 
     </span>
     <span class='ocr_line' id='line_1_16' title="bbox 343 2400 1320 2500; baseline 0.005 -26"><span class='ocrx_word' id='word_1_91' title='bbox 343 2424 383 2474; x_wconf 93' lang='lat' dir='ltr'>ut</span> <span class='ocrx_word' id='word_1_92' title='bbox 406 2426 534 2500; x_wconf 89' lang='lat' dir='ltr'>aquam</span> <span class='ocrx_word' id='word_1_93' title='bbox 552 2401 788 2497; x_wconf 90' lang='lat' dir='ltr'>pabulumque</span> <span class='ocrx_word' id='word_1_94' title='bbox 805 2400 964 2497; x_wconf 87' lang='lat' dir='ltr'>eriperet,</span> <span class='ocrx_word' id='word_1_95' title='bbox 990 2404 1190 2476; x_wconf 87' lang='lat' dir='ltr'>contrahere</span> <span class='ocrx_word' id='word_1_96' title='bbox 1206 2405 1320 2479; x_wconf 90' lang='lat' dir='ltr'>elaus-</span> 
     </span>
     <span class='ocr_line' id='line_1_17' title="bbox 344 2517 1319 2623; baseline 0.005 -30"><span class='ocrx_word' id='word_1_97' title='bbox 344 2541 396 2593; x_wconf 92' lang='lat' dir='ltr'>tra</span> <span class='ocrx_word' id='word_1_98' title='bbox 432 2522 594 2616; x_wconf 75' lang='lat' dir='ltr'>arctaque</span> <span class='ocrx_word' id='word_1_99' title='bbox 622 2517 861 2592; x_wconf 88' lang='lat' dir='ltr'>circumdare:</span> <span class='ocrx_word' id='word_1_100' title='bbox 902 2524 934 2592; x_wconf 77' lang='grc' dir='ltr'>δι</span> <span class='ocrx_word' id='word_1_101' title='bbox 971 2520 1158 2594; x_wconf 85' lang='lat' dir='ltr'>struebatur</span> <span class='ocrx_word' id='word_1_102' title='bbox 1189 2549 1319 2623; x_wconf 85' lang='lat' dir='ltr'>agger,</span> 
     </span>
     <span class='ocr_line' id='line_1_18' title="bbox 343 2636 1317 2737; baseline 0.007 -27"><span class='ocrx_word' id='word_1_103' title='bbox 343 2640 436 2712; x_wconf 89' lang='lat' dir='ltr'>unde</span> <span class='ocrx_word' id='word_1_104' title='bbox 453 2637 544 2726; x_wconf 85' lang='lat' dir='ltr'>saxa,</span> <span class='ocrx_word' id='word_1_105' title='bbox 571 2636 685 2728; x_wconf 85' lang='lat' dir='ltr'>hastae,</span> <span class='ocrx_word' id='word_1_106' title='bbox 711 2637 807 2734; x_wconf 87' lang='lat' dir='ltr'>ignes</span> <span class='ocrx_word' id='word_1_107' title='bbox 833 2639 1067 2736; x_wconf 89' lang='lat' dir='ltr'>propinquum</span> <span class='ocrx_word' id='word_1_108' title='bbox 1078 2639 1152 2737; x_wconf 88' lang='lat' dir='ltr'>jam</span> <span class='ocrx_word' id='word_1_109' title='bbox 1179 2643 1215 2715; x_wconf 91' lang='lat' dir='ltr'>in</span> <span class='ocrx_word' id='word_1_110' title='bbox 1238 2644 1317 2716; x_wconf 90' lang='lat' dir='ltr'>hos-</span> 
     </span>
     <span class='ocr_line' id='line_1_19' title="bbox 343 2758 1317 2856; baseline 0.004 -25"><span class='ocrx_word' id='word_1_111' title='bbox 343 2779 414 2831; x_wconf 90' lang='lat' dir='ltr'>tem</span> <span class='ocrx_word' id='word_1_112' title='bbox 430 2758 633 2856; x_wconf 87' lang='lat' dir='ltr'>jacerentur.</span> <span class='ocrx_word' id='word_1_113' title='bbox 683 2759 748 2830; x_wconf 87' lang='lat' dir='ltr'>Sed</span> <span class='ocrx_word' id='word_1_114' title='bbox 766 2759 851 2833; x_wconf 91' lang='lat' dir='ltr'>nihil</span> <span class='ocrx_word' id='word_1_115' title='bbox 870 2760 981 2855; x_wconf 68' lang='lat' dir='ltr'>reque,</span> <span class='ocrx_word' id='word_1_116' title='bbox 1010 2761 1116 2856; x_wconf 74' lang='lat' dir='ltr'>quim</span> <span class='ocrx_word' id='word_1_117' title='bbox 1131 2762 1209 2853; x_wconf 80' lang='lat' dir='ltr'>sitis,</span> <span class='ocrx_word' id='word_1_118' title='bbox 1236 2762 1317 2836; x_wconf 87' lang='lat' dir='ltr'>sati·</span> 
     </span>
     <span class='ocr_line' id='line_1_20' title="bbox 343 2877 1316 2975; baseline 0.003 -24"><span class='ocrx_word' id='word_1_119' title='bbox 343 2882 459 2975; x_wconf 83' lang='lat' dir='ltr'>gabat,</span> <span class='ocrx_word' id='word_1_120' title='bbox 486 2880 567 2950; x_wconf 77' lang='lat' dir='ltr'>cum</span> <span class='ocrx_word' id='word_1_121' title='bbox 585 2877 706 2975; x_wconf 81' lang='lat' dir='ltr'>ingens</span> <span class='ocrx_word' id='word_1_122' title='bbox 733 2879 919 2950; x_wconf 88' lang='lat' dir='ltr'>multitudo</span> <span class='ocrx_word' id='word_1_123' title='bbox 944 2881 1162 2970; x_wconf 88' lang='lat' dir='ltr'>bellatorum,</span> <span class='ocrx_word' id='word_1_124' title='bbox 1188 2882 1316 2954; x_wconf 88' lang='lat' dir='ltr'>imbel-</span> 
     </span>
     <span class='ocr_line' id='line_1_21' title="bbox 342 2998 1314 3097; baseline 0.001 -26"><span class='ocrx_word' id='word_1_125' title='bbox 342 3000 443 3086; x_wconf 87' lang='lat' dir='ltr'>lium,</span> <span class='ocrx_word' id='word_1_126' title='bbox 471 3024 541 3068; x_wconf 90' lang='lat' dir='ltr'>uno</span> <span class='ocrx_word' id='word_1_127' title='bbox 571 2999 705 3094; x_wconf 90' lang='lat' dir='ltr'>reliquo</span> <span class='ocrx_word' id='word_1_128' title='bbox 728 2998 822 3070; x_wconf 87' lang='lat' dir='ltr'>sonte</span> <span class='ocrx_word' id='word_1_129' title='bbox 850 3020 1038 3071; x_wconf 88' lang='lat' dir='ltr'>uterentur.</span> <span class='ocrx_word' id='word_1_130' title='bbox 1088 3001 1197 3072; x_wconf 85' lang='lat' dir='ltr'>Simul</span> <span class='ocrx_word' id='word_1_131' title='bbox 1215 3003 1314 3097; x_wconf 88' lang='lat' dir='ltr'>equi,</span> 
     </span>
     <span class='ocr_line' id='line_1_22' title="bbox 340 3117 1315 3217; baseline 0.003 -27"><span class='ocrx_word' id='word_1_132' title='bbox 340 3138 506 3205; x_wconf 86' lang='lat' dir='ltr'>armenta,</span> <span class='ocrx_word' id='word_1_133' title='bbox 533 3138 568 3188; x_wconf 90' lang='lat' dir='ltr'>ut</span> <span class='ocrx_word' id='word_1_134' title='bbox 599 3143 672 3188; x_wconf 83' lang='lat' dir='ltr'>mos</span> <span class='ocrx_word' id='word_1_135' title='bbox 702 3118 866 3206; x_wconf 84' lang='lat' dir='ltr'>barbaris,</span> <span class='ocrx_word' id='word_1_136' title='bbox 882 3117 982 3214; x_wconf 74' lang='lat' dir='ltr'>juxta</span> <span class='ocrx_word' id='word_1_137' title='bbox 1007 3120 1131 3207; x_wconf 90' lang='lat' dir='ltr'>clausa,</span> <span class='ocrx_word' id='word_1_138' title='bbox 1161 3121 1315 3217; x_wconf 83' lang='lat' dir='ltr'>egestate</span> 
     </span>
     <span class='ocr_line' id='line_1_23' title="bbox 341 3236 1312 3335; baseline 0.002 -26"><span class='ocrx_word' id='word_1_139' title='bbox 341 3237 460 3335; x_wconf 88' lang='lat' dir='ltr'>pabuli</span> <span class='ocrx_word' id='word_1_140' title='bbox 493 3236 707 3310; x_wconf 81' lang='lat' dir='ltr'>exanimari:</span> <span class='ocrx_word' id='word_1_141' title='bbox 748 3236 901 3332; x_wconf 84' lang='lat' dir='ltr'>adjacere</span> <span class='ocrx_word' id='word_1_142' title='bbox 936 3264 1080 3333; x_wconf 90' lang='lat' dir='ltr'>corpora</span> <span class='ocrx_word' id='word_1_143' title='bbox 1110 3242 1312 3330; x_wconf 90' lang='lat' dir='ltr'>hominum,</span> 
     </span>
     <span class='ocr_line' id='line_1_24' title="bbox 341 3356 1315 3454; baseline 0.003 -25"><span class='ocrx_word' id='word_1_144' title='bbox 341 3385 428 3454; x_wconf 87' lang='lat' dir='ltr'>quos</span> <span class='ocrx_word' id='word_1_145' title='bbox 448 3360 601 3445; x_wconf 73' lang='lat' dir='ltr'>vulnera,</span> <span class='ocrx_word' id='word_1_146' title='bbox 629 3383 716 3453; x_wconf 86' lang='lat' dir='ltr'>quos</span> <span class='ocrx_word' id='word_1_147' title='bbox 735 3356 800 3428; x_wconf 87' lang='lat' dir='ltr'>litis</span> <span class='ocrx_word' id='word_1_148' title='bbox 819 3378 1031 3452; x_wconf 85' lang='lat' dir='ltr'>peremerat:</span> <span class='ocrx_word' id='word_1_149' title='bbox 1062 3360 1170 3454; x_wconf 89' lang='lat' dir='ltr'>pollui</span> <span class='ocrx_word' id='word_1_150' title='bbox 1188 3362 1315 3432; x_wconf 67' lang='lat' dir='ltr'>cuneta</span> 
     </span>
     <span class='ocr_line' id='line_1_25' title="bbox 339 3475 1313 3571; baseline 0.002 -24"><span class='ocrx_word' id='word_1_151' title='bbox 339 3476 441 3564; x_wconf 80' lang='lat' dir='ltr'>sanie,</span> <span class='ocrx_word' id='word_1_152' title='bbox 468 3477 587 3563; x_wconf 87' lang='lat' dir='ltr'>odore,</span> <span class='ocrx_word' id='word_1_153' title='bbox 619 3479 788 3548; x_wconf 72' lang='lat' dir='ltr'>contaslu.</span> <span class='ocrx_word' id='word_1_154' title='bbox 840 3475 1027 3571; x_wconf 85' lang='lat' dir='ltr'>Rebusque</span> <span class='ocrx_word' id='word_1_155' title='bbox 1056 3478 1210 3565; x_wconf 74' lang='lat' dir='ltr'>turbatiS,</span> <span class='ocrx_word' id='word_1_156' title='bbox 1237 3505 1313 3550; x_wconf 89' lang='lat' dir='ltr'>ma-</span> 
     </span>
     <span class='ocr_line' id='line_1_26' title="bbox 340 3596 1313 3680; baseline 0.001 -14"><span class='ocrx_word' id='word_1_157' title='bbox 340 3597 413 3667; x_wconf 92' lang='lat' dir='ltr'>lum</span> <span class='ocrx_word' id='word_1_158' title='bbox 450 3616 645 3667; x_wconf 83' lang='lat' dir='ltr'>extremum</span> <span class='ocrx_word' id='word_1_159' title='bbox 685 3596 853 3667; x_wconf 84' lang='lat' dir='ltr'>discordia</span> <span class='ocrx_word' id='word_1_160' title='bbox 887 3600 1042 3680; x_wconf 86' lang='lat' dir='ltr'>accessu;</span> <span class='ocrx_word' id='word_1_161' title='bbox 1082 3599 1134 3668; x_wconf 87' lang='lat' dir='ltr'>his</span> <span class='ocrx_word' id='word_1_162' title='bbox 1162 3596 1313 3669; x_wconf 85' lang='lat' dir='ltr'>deditio-</span> 
     </span>
     <span class='ocr_line' id='line_1_27' title="bbox 338 3715 1311 3813; baseline 0.002 -27"><span class='ocrx_word' id='word_1_163' title='bbox 338 3742 433 3804; x_wconf 90' lang='lat' dir='ltr'>nem,</span> <span class='ocrx_word' id='word_1_164' title='bbox 452 3715 522 3788; x_wconf 87' lang='lat' dir='ltr'>aliis</span> <span class='ocrx_word' id='word_1_165' title='bbox 542 3738 702 3803; x_wconf 89' lang='lat' dir='ltr'>mortem,</span> <span class='ocrx_word' id='word_1_166' title='bbox 722 3721 754 3787; x_wconf 84' lang='lat'>&amp;</span> <span class='ocrx_word' id='word_1_167' title='bbox 775 3738 913 3788; x_wconf 88' lang='lat' dir='ltr'>mutuos</span> <span class='ocrx_word' id='word_1_168' title='bbox 930 3715 1018 3786; x_wconf 86' lang='lat' dir='ltr'>inter</span> <span class='ocrx_word' id='word_1_169' title='bbox 1037 3716 1068 3787; x_wconf 91' lang='lat' dir='ltr'>se</span> <span class='ocrx_word' id='word_1_170' title='bbox 1087 3717 1169 3788; x_wconf 62' lang='lat' dir='ltr'>icius</span> <span class='ocrx_word' id='word_1_171' title='bbox 1188 3744 1311 3813; x_wconf 89' lang='lat' dir='ltr'>paran-</span> 
     </span>
     <span class='ocr_line' id='line_1_28' title="bbox 336 3833 1315 3931; baseline 0.007 -28"><span class='ocrx_word' id='word_1_172' title='bbox 336 3835 449 3908; x_wconf 85' lang='lat' dir='ltr'>tibus:</span> <span class='ocrx_word' id='word_1_173' title='bbox 479 3840 640 3923; x_wconf 61' lang='lat' dir='ltr'>&amp;eraun</span> <span class='ocrx_word' id='word_1_174' title='bbox 669 3836 729 3931; x_wconf 91' lang='lat' dir='ltr'>qui</span> <span class='ocrx_word' id='word_1_175' title='bbox 757 3845 782 3877; x_wconf 88' lang='lat'><strong>“</strong></span> <span class='ocrx_word' id='word_1_176' title='bbox 803 3864 873 3909; x_wconf 94' lang='lat' dir='ltr'>non</span> <span class='ocrx_word' id='word_1_177' title='bbox 893 3836 1041 3909; x_wconf 85' lang='lat' dir='ltr'>inultum</span> <span class='ocrx_word' id='word_1_178' title='bbox 1068 3836 1228 3923; x_wconf 84' lang='lat' dir='ltr'>exitium,</span> <span class='ocrx_word' id='word_1_179' title='bbox 1256 3833 1315 3910; x_wconf 87' lang='lat' dir='ltr'>sed</span> 
     </span>
    </p>
   </div>
   <div class='ocr_carea' id='block_1_3' title="bbox 0 0 1498 5138">
    <p class='ocr_par' dir='ltr' id='par_1_4' title="bbox 0 0 1498 5138">
     <span class='ocr_line' id='line_1_29' title="bbox 0 0 1498 5138; baseline 0 2"><span class='ocrx_word' id='word_1_180' title='bbox 0 0 1498 5138; x_wconf 95' lang='lat' dir='ltr'> </span> 
     </span>
    </p>
   </div>
  </div>
 </body>
</html>
