2986 5138
318 596 391 660 214
536 569 1112 642 ocoiurrrrrsem

316 744 407 834 sunt,
427 744 513 816 dum
543 742 703 816 videntur
727 742 858 817 exsolvi
892 743 1011 840 polle:
1036 741 1096 814 ubi
1133 738 1292 813 multum

317 864 538 952 antevendre,
566 889 627 960 pro
652 862 760 960 gratil
783 861 907 935 odium
932 861 1100 934 redditur.

364 983 465 1055 XIX.
493 985 605 1054 Ennr
640 1006 729 1055 uxor
759 981 842 1054 Silio
871 982 962 1053 Sosra
1000 979 1115 1068 Galla,
1152 975 1293 1051 caritate

318 1101 527 1198 Agrippinae
551 1100 657 1174 invisa
677 1100 842 1196 Principi.
904 1101 986 1173 Hos
1011 1098 1153 1194 corripi,
1178 1096 1292 1169 dilato

318 1221 363 1292 ad
380 1240 518 1316 tempus
535 1220 674 1309 Sabinn,
696 1219 886 1315 placitum:
915 1216 1151 1314 immissusque
1182 1217 1293 1288 Varro

318 1337 449 1426 consul,
490 1338 550 1434 qui
589 1344 784 1434 “paternas
822 1337 1042 1411 inimicitias’'
1079 1334 1289 1424 obtendens,

316 1458 406 1531 odiis
422 1454 530 1553 Sejani
548 1482 607 1552 per
623 1457 773 1529 dedecus
791 1456 890 1530 suum
910 1457 1176 1554 gratificabatur.
1200 1455 1286 1524 Pre-

317 1596 419 1650 cante
436 1601 508 1664 reo,
536 1578 722 1649 “brevem
739 1602 887 1664 moram,
910 1577 996 1648 dum
1013 1571 1190 1648 accusator
1202 1596 1289 1644 con·

320 1701 349 1738 ‘⁴
365 1694 475 1767 sulatu
491 1693 638 1782 abiret,'’
663 1693 855 1768 adversatus
882 1694 931 1766 est
947 1692 1083 1767 Caesar:
1110 1690 1290 1764 “solitum

320 1821 347 1858 “
367 1812 499 1910 quippe
542 1812 809 1910 magistratibus,
841 1813 937 1885 diem
973 1812 1114 1909 privatis
1148 1811 1287 1884 dicere:
1327 1792 1331 1801 ⁵

319 1939 346 1976 “
365 1957 428 2004 nec
467 1928 727 2029 infringendum
754 1930 901 2004 consulis
922 1930 995 2029 jus,
1030 1929 1126 2027 cujus
1158 1928 1290 2026 vigiliis

319 2059 347 2095 “
367 2051 542 2140 niteretur,
597 2078 641 2123 ne
679 2053 774 2148 quod
813 2051 1003 2148 respublica
1038 2050 1289 2124 detrimentum

318 2179 346 2216 “
365 2173 539 2267 caperet.’'
602 2171 790 2267 Proprium
813 2169 849 2242 id
872 2171 1019 2244 Tiberio
1043 2169 1123 2259 fuit,
1162 2168 1290 2241 scelera

318 2316 427 2388 nuper
449 2310 580 2386 reperta
599 2290 714 2386 priscis
733 2290 846 2363 verbis
864 2293 1040 2387 obtegere.
1068 2289 1179 2388 Igitur
1196 2290 1289 2361 mul·

320 2414 355 2483 tal
391 2408 656 2499 adseveratione,
692 2412 785 2505 quasi
817 2429 875 2482 aut
914 2409 1049 2507 legibus
1088 2435 1170 2482 curn
1204 2409 1290 2482 Silio

317 2547 488 2624 ageretur,
516 2549 574 2599 aut
603 2531 714 2599 Varro
742 2527 872 2617 consul,
896 2549 955 2600 aut
985 2529 1072 2602 illud
1096 2526 1291 2623 respublica

318 2649 413 2734 esset,
440 2665 613 2742 coguntur
647 2665 779 2742 patres3
808 2649 922 2719 silente
946 2673 1017 2737 re0,
1044 2650 1100 2721 vel
1122 2651 1144 2720 fi
1168 2645 1289 2719 defen·

319 2770 449 2841 stonem
479 2784 661 2860 coeptaret,
688 2792 757 2837 non
784 2768 994 2856 occultante,
1018 2764 1114 2862 cujus
1136 2766 1185 2838 irs
1212 2791 1288 2862 pre-

320 2905 482 2957 meretur.
534 2890 560 2923 “
581 2883 798 2957 Conscientia
815 2885 897 2957 belli
925 2886 1081 2958 Sacrovir
1109 2886 1170 2958 diu
1198 2885 1289 2957 diffi-

320 3011 348 3046 “
366 3006 531 3092 mulatus,
556 3003 696 3075 visloria
714 3030 774 3099 per
791 3004 970 3076 avaritiam
987 3003 1131 3095 soedata,
1147 3010 1180 3077 &
1199 3031 1291 3078 uxor

321 3129 347 3167 “
367 3124 480 3194 Sosra’'
514 3125 768 3217 arguebantur:
802 3148 865 3193 nec
892 3123 996 3195 dubie
1021 3125 1290 3220 repetundarum

319 3241 519 3316 criminibus
538 3243 733 3313 herebant:
765 3241 822 3313 sed
845 3245 969 3313 cuncta
1003 3243 1190 3338 quaestione
1217 3271 1291 3316 ma-

316 3361 444 3460 jestatis
474 3361 648 3445 exercita;
684 3365 716 3432 δι
745 3359 845 3432 Silius
873 3361 1118 3437 imminentem
1146 3364 1290 3437 damna-

320 3481 454 3553 tionem
480 3481 673 3551 voluntario
698 3482 767 3551 fine
793 3481 977 3575 praevertit.

370 3603 454 3673 XX.
481 3601 670 3671 varrunr
701 3618 817 3671 tamen
848 3600 883 3671 in
919 3604 1024 3691 bona,
1068 3624 1207 3682 nonut
1234 3604 1291 3676 sti-

322 3718 504 3816 pendiariis
545 3717 699 3813 pecuniae
726 3721 963 3809 redderentur,
1001 3748 1151 3817 quorum
1187 3748 1292 3797 nemo

321 3841 519 3934 repetebat:
547 3836 601 3908 sed
620 3838 802 3909 liberalitas
823 3840 971 3936 Augusti
989 3842 1115 3932 avulsa,
1144 3868 1291 3938 compu-

321 3957 399 4029 tatis
430 3955 628 4053 singillatim
658 3982 736 4053 quae
762 3955 844 4030 fisco
860 3961 1087 4054 petebantur:
1114 3987 1153 4034 ea
1179 3960 1294 4058 prima
