2986 5138
258 577 326 649 126
460 566 1044 645 ecottsnu‘racm

251 767 332 831 one,
357 761 416 816 aut
432 739 551 814 favore
565 739 603 812 in
617 738 777 813 Pisonem
794 737 950 836 pronior,
975 736 1100 811 diverfi
1115 738 1220 814 inter·

252 864 481 958 pretabantur.

299 982 470 1053 LXXIV.
502 981 805 1053 Cousunrnruu
836 976 917 1049 inde
949 975 1220 1075 interlegatoa,

253 1102 386 1197 quique
409 1098 467 1172 alii
493 1095 686 1171 senatorum
706 1097 860 1185 aderant,
891 1094 1092 1192 “quisnam
1113 1096 1221 1191 Syriae

253 1223 282 1261 “
300 1221 531 1314 praeficeretur
544 1218 581 1289 :”
602 1220 639 1289 ¹&
658 1214 776 1288 ceteris
792 1212 928 1286 modice
941 1213 1031 1305 nisrs,
1057 1215 1146 1287 inter
1158 1214 1221 1286 Vi·

254 1336 352 1409 bium
378 1335 547 1423 Marsum,
582 1339 615 1407 u
643 1335 710 1407 Cn.
726 1332 881 1406 Sentium
911 1333 974 1405 diu
1007 1337 1220 1430 quaesrtum:

253 1455 334 1528 dein
351 1454 486 1528 Marsus
501 1453 637 1542 seniori,
656 1456 688 1524 ἃ
706 1452 816 1526 acrius
832 1451 985 1524 tendenti
1001 1451 1117 1524 Sentio
1135 1478 1222 1525 con-

254 1578 357 1647 cessit.
406 1571 505 1671 Isque
521 1572 686 1646 infamem
713 1570 888 1644 veneficiis
916 1571 956 1643 ea
976 1570 1012 1641 in
1028 1570 1220 1666 provincis,

256 1697 289 1764 ἃ
306 1691 478 1764 Plancinae
495 1716 682 1788 percaram,
700 1689 841 1763 nomine
856 1688 1061 1777 Martinam,
1089 1689 1126 1760 in
1147 1692 1222 1762 Ur-

254 1812 337 1882 bem
354 1809 456 1899 mifit,
471 1807 719 1905 postulantibus
731 1808 871 1882 Vitellio
901 1832 941 1880 ac
968 1806 1133 1896 Veranio,
1162 1833 1221 1880 ce·

254 1927 401 2024 terisque
418 1927 478 2025 qui
493 1926 638 2001 crimina
655 1931 689 2000 ὅτ
704 1925 952 2000 accusationem
962 1945 1141 2021 tamquam
1156 1926 1220 1998 ad·

255 2048 372 2119 versus
387 2067 542 2143 receptos
559 2045 634 2144 jam
651 2071 726 2119 reos
742 2045 964 2119 instruebant.

302 2167 456 2239 LXXV.
482 2169 542 2236 Ar
576 2169 823 2254 Aorurrtun,
854 2188 1070 2262 quamquam
1096 2161 1224 2237 defess‘a

255 2286 364 2373 luctu,
379 2289 412 2357 a
431 2309 690 2383 corporeaegro,
711 2284 869 2357 omnium
901 2304 1033 2373 tamen,
1067 2308 1146 2379 quae
1168 2283 1223 2355 ul-

254 2400 385 2474 tionem
412 2423 637 2492 morarentur,
675 2402 872 2491 intolerans,
905 2400 1057 2476 ascendit
1085 2403 1224 2477 classem

255 2544 338 2591 cum
351 2519 523 2591 cineribus
540 2521 752 2611 Germanici,
771 2526 803 2594 δι
819 2519 934 2592 liberis
948 2548 959 2605 3
989 2518 1225 2594 miserantibus

256 2636 401 2725 cunflis,
441 2644 468 2679 “
481 2636 576 2733 qubd
601 2637 729 2711 femina
745 2637 924 2711 nobilitate
947 2637 1121 2735 princeps,
1144 2640 1223 2736 pul·

258 2758 285 2794 “
303 2754 473 2826 cherrimo
501 2757 610 2829 modi>
642 2756 874 2845 matrimonio,
904 2757 992 2830 inter
1024 2779 1225 2832 venerantes

257 2879 284 2916 “
303 2872 535 2969 gratantesque
551 2873 653 2971 aspici
671 2875 779 2963 solita,
807 2894 892 2948 tunc
920 2874 1040 2950 ferales
1064 2878 1226 2974 reliquias

257 2998 286 3039 “
304 2994 376 3062 smu
409 2990 523 3080 ferret,
555 2994 681 3066 incerta
703 2995 854 3083 ultionis,
883 2996 986 3068 anxia
1016 2993 1083 3087 sut,
1111 3002 1144 3069 δι
1172 2997 1225 3069 in·

257 3117 285 3153 “
303 3109 392 3182 felici
406 3110 614 3184 fecunditate
631 3110 777 3185 fortunae
794 3112 919 3185 totiens
936 3113 1127 3186 obnoxia.''
1167 3113 1226 3187 Pi-

255 3229 374 3301 sonem
402 3229 539 3301 interim
568 3233 662 3327 apud
688 3232 802 3304 Coum
826 3230 971 3304 insulam
993 3233 1135 3305 nuntius
1163 3234 1225 3304 ad-

255 3347 419 3444 sequitur,
457 3356 483 3390 “
501 3352 670 3422 exceffiffe
697 3349 982 3422 Germanicum.'’
1059 3356 1143 3448 Qro
1171 3350 1224 3420 in·

256 3485 484 3563 temperanter
511 3489 666 3564 accepto,
697 3469 798 3541 caedit
827 3468 996 3558 victimas,
1036 3470 1107 3541 adit
1136 3487 1225 3538 tem·

259 3585 339 3677 pla:
367 3610 478 3680 neque
505 3583 575 3679 ipse
605 3586 772 3682 gaudium
812 3589 1007 3675 moderans,
1047 3592 1081 3657 u
1111 3583 1225 3678 magis

258 3699 473 3774 insolescente
489 3703 664 3792 Plancina,
692 3731 769 3800 quae
787 3707 918 3778 luctum
951 3704 1076 3778 amissae
1100 3700 1225 3775 sororis

257 3835 332 3889 tum
350 3818 501 3915 primum
518 3822 596 3893 laeto
613 3823 708 3894 cultu
726 3824 883 3898 mutavit.
