2986 5138
433 604 737 681 Auuaaruu
769 604 931 681 Lial.
1141 628 1186 708 59

277 776 400 854 LXX:
420 786 759 855 ArGanmnmcos
794 783 982 878 legionum,
1013 807 1095 877 quas
1128 808 1187 853 na·

228 900 328 973 vibus
345 922 495 991 vexerat,
524 900 704 974 secundam
722 908 756 973 ἃ
774 900 1098 998 quartamdecimam
1133 902 1187 973 iti·

229 1046 310 1092 nere
326 1021 467 1092 terrestri
491 1023 531 1091 P.
555 1020 691 1092 Vitellio
715 1020 886 1092 ducendas
912 1020 1024 1107 tradit,
1051 1020 1121 1115 qud
1139 1023 1186 1092 le-

230 1138 304 1210 vior
321 1140 425 1210 claffis
438 1137 563 1210 vadoso
580 1139 664 1210 mari
681 1138 824 1226 innaret,
843 1140 897 1210 vel
914 1138 1085 1232 reciproco
1104 1142 1186 1211 fide-

227 1277 288 1328 ret.
337 1256 494 1328 Vitellius
520 1257 669 1352 primum
691 1258 752 1328 iter
778 1261 861 1330 sices
880 1259 1001 1345 humO,
1032 1277 1088 1326 aut
1111 1282 1186 1327 mo-

228 1375 305 1447 dice
326 1376 505 1448 adlabente
532 1375 627 1464 astu,
653 1376 806 1471 quietum
830 1376 959 1447 habuit.
1008 1378 1101 1445 Mox
1124 1375 1186 1446 im-

230 1493 325 1590 pulsu
343 1494 522 1591 aquilonis,
547 1495 642 1565 fimul
660 1495 763 1565 fidere
782 1494 988 1590 aequinoslii,
1008 1519 1077 1589 quo
1091 1521 1187 1566 max-

228 1613 297 1684 ime
329 1613 484 1685 tumescit
511 1616 681 1700 Oceanus,
713 1613 783 1708 rapi
816 1614 940 1709 agique
969 1638 1118 1707 agmen:
1155 1618 1189 1685 δε

228 1734 457 1827 opplebantur
481 1751 601 1803 terrae:
644 1733 764 1803 eadem
794 1732 893 1819 freto,
925 1731 1026 1818 litori,
1059 1733 1188 1827 campis

228 1850 350 1922 facies:
380 1874 491 1947 neque
515 1846 656 1921 discerni
677 1868 831 1945 poterant
848 1850 974 1920 ineerta
996 1853 1040 1921 ab
1061 1849 1187 1939 solidis,

228 1969 345 2041 brevia
372 1994 392 2039 a
415 1968 604 2063 profundis.
653 1970 855 2039 Sternuntur
879 1967 1052 2055 ssuslibus,
1078 1969 1188 2039 hauri-

228 2107 333 2159 untur
377 2087 594 2184 gurgitibus:
636 2084 805 2181 jumenta,
855 2084 1003 2175 sarcina,
1045 2111 1191 2181 corpora

228 2205 402 2294 exanima,
426 2205 637 2293 interfluunt,
656 2203 851 2277 occursant:
880 2204 1121 2300 permiscentur
1139 2204 1189 2276 in·

227 2345 277 2398 ter
294 2326 326 2396 se
353 2324 531 2421 manipuli,
567 2323 673 2395 modb
700 2325 849 2419 peslore,
875 2322 980 2394 modo
1005 2348 1063 2395 ore
1092 2343 1189 2396 tenus

228 2445 407 2535 exstantes,
447 2442 633 2540 aliquando
660 2440 829 2515 subtrasio
861 2441 932 2514 solo
964 2439 1092 2538 disjesli
1132 2465 1189 2516 aut

229 2566 366 2638 obruti:
408 2590 478 2636 non
514 2588 599 2651 vox,
634 2567 667 2634 ἃ
699 2562 808 2634 mutui
837 2564 984 2634 hortatus
1007 2558 1189 2655 juvabant,

230 2683 425 2756 adversante
447 2685 561 2754 uudla:
600 2681 683 2752 nihil
712 2681 863 2752 strenuus
899 2683 944 2752 ab
977 2680 1116 2777 ignavo,
1142 2682 1190 2755 sa—

231 2802 326 2897 piens
361 2805 405 2873 ab
448 2800 670 2896 imprudenti,
704 2799 840 2870 consilia
870 2826 890 2871 a
922 2798 1000 2871 casu
1027 2802 1187 2875 differre:

231 2923 353 2992 cunsla
390 2918 460 3014 pari
499 2919 659 2991 violentis
699 2918 969 3006 involvebantur.
1030 2922 1191 2994 Tandem

232 3037 386 3109 Vitellius
413 3037 448 3108 in
481 3037 622 3109 editiora
653 3036 774 3125 enisus,
804 3038 928 3108 eodem
955 3063 1081 3134 agmen
1113 3039 1190 3112 sub-

230 3156 354 3228 duxit:
398 3157 639 3251 pernoctavere
671 3160 738 3228 srne
762 3156 970 3244 utensilibus,
1006 3160 1073 3228 fine
1105 3158 1190 3254 igni,

231 3301 359 3371 magna
379 3299 453 3370 pars
469 3274 564 3345 nudo
591 3294 648 3345 aut
670 3276 820 3346 mulcato
842 3299 993 3368 corpore,
1016 3277 1108 3346 haud
1125 3276 1191 3347 mi·

231 3394 294 3465 niis
321 3389 537 3478 miserabiles,
565 3392 670 3487 quam
707 3419 795 3488 quos
824 3392 924 3462 hostis
952 3391 1188 3465 circumsidet:

230 3511 359 3607 quippe
388 3510 452 3581 illis
480 3509 588 3608 etiam,
609 3511 756 3582 honestae
789 3507 905 3580 mortis
933 3507 1023 3596 usus,
1057 3509 1108 3580 his
1139 3511 1190 3582 in-

230 3629 379 3724 glorium
396 3628 562 3701 exitium:
589 3630 649 3700 lux
683 3626 831 3700 reddidit
864 3645 1012 3710 terram;
1039 3648 1192 3722 penetra·
1224 3633 1227 3638 “

230 3768 375 3844 tumque
408 3748 452 3819 ad
478 3772 617 3819 amnem
641 3745 828 3842 Unsmgin,
867 3743 937 3841 qul>
960 3744 1070 3817 Caesar
1092 3749 1191 3821 claffe

230 3865 476 3937 contenderat:
512 3865 675 3960 impofitae
700 3865 825 3937 deinde
850 3864 1013 3962 legiones,
1044 3888 1192 3964 vagante
