2986 5138
431 587 736 657 Auunsrunr
770 585 882 658 Lrn.
905 587 967 659 IV.
1162 615 1227 665 221

263 761 292 799 “
310 772 401 843 tum,
428 760 461 828 δι
483 755 564 831 falsa
587 757 811 830 exterritum:
839 759 945 856 idque
968 757 1065 832 facile
1081 758 1233 836 intellec-

264 882 293 918 “
312 895 365 964 tu,
392 879 416 948 fi
444 877 668 972 proderentur
697 877 775 949 alii:
814 903 886 949 non
915 877 1010 949 enim
1038 876 1071 950 se
1099 881 1233 955 caedem

263 1000 291 1038 “
307 995 491 1090 Principis,
517 996 622 1069 &res
643 1021 763 1085 novas,
788 1021 859 1067 uno
880 994 987 1085 socio,
1012 997 1210 1093 cogitasse.”

310 1116 450 1186 XXIX.
476 1115 572 1187 Tum
602 1113 776 1187 accusator
809 1122 836 1158 “
854 1116 921 1186 Cn.
953 1116 1161 1205 Lentulum,
1199 1123 1234 1191 δι

262 1232 424 1305 “Seium
446 1234 714 1322 Tuberonem,'’
739 1233 920 1306 nominat:
949 1259 1079 1330 magno
1101 1230 1235 1331 pudore

261 1351 415 1440 Caesaris,
445 1351 527 1424 etim
558 1351 724 1448 primores
752 1352 911 1441 civitatis,
938 1352 1051 1424 intimi
1073 1352 1175 1450 ipsius
1196 1381 1232 1428 a·

259 1470 356 1559 mici,
392 1471 564 1542 Lentulus
591 1468 769 1543 senestutis
800 1491 976 1560 extrema,
1004 1473 1147 1563 Tubero
1169 1476 1231 1547 de-

260 1586 352 1660 fedo
366 1614 523 1685 corpore,
550 1591 720 1661 tumultds
741 1589 884 1679 hostilis,
912 1595 945 1663 δι
967 1591 1147 1664 turbanda
1167 1593 1232 1665 rei·

260 1708 410 1803 publicae
433 1710 688 1781 arcesserentur.
715 1709 784 1781 Sed
806 1709 842 1780 hi
867 1709 1012 1805 quidem
1034 1709 1147 1784 statim
1164 1737 1227 1785 ex-

259 1828 381 1924 empti.
430 1830 471 1899 ln
488 1847 635 1924 patrem,
660 1853 704 1900 ex
722 1825 823 1899 servis
842 1832 1046 1929 quaefitum:
1076 1833 1110 1902 δι
1123 1832 1231 1927 quaes-

256 1945 305 2018 tio
329 1947 468 2018 adversa
492 1946 675 2019 accusatori
692 1945 780 2018 fuit:
808 1945 869 2042 qui
885 1943 1010 2019 scelere
1027 1973 1161 2039 vecors,
1189 1955 1228 2024 sr-

259 2066 333 2137 mul
362 2067 460 2162 vulgi
492 2091 630 2138 rumore
659 2065 809 2154 territus,
848 2067 1000 2137 “robur
1033 2070 1066 2138 δι
1096 2066 1231 2158 saxum,

260 2191 288 2225 “
304 2203 364 2257 aut
393 2184 641 2281 parricidarum
676 2185 821 2280 poenas'’
854 2183 1103 2274 minitantium,
1135 2184 1230 2258 ceslit

257 2303 381 2376 Urbe:
409 2328 449 2375 ac
474 2304 637 2397 tetradius
666 2304 849 2391 Ravennal,
876 2301 1017 2399 exsequi
1046 2304 1232 2377 accusatio·

258 2445 338 2492 nem
361 2420 534 2518 adigitur3
562 2447 633 2493 non
653 2424 849 2493 occultante
875 2420 1019 2495 Tiberio
1040 2443 1139 2495 vetus
1156 2424 1232 2496 odi·

257 2565 334 2627 um,
352 2540 517 2612 adversus
534 2540 687 2612 exsulem
704 2543 880 2613 Serenum.
929 2541 1025 2612 Nam
1042 2541 1118 2636 post
1133 2543 1233 2615 dam-

257 2677 377 2729 natum
394 2657 585 2748 Libonem,
612 2658 714 2731 missis
736 2662 781 2731 ad
797 2657 965 2732 Caesarem
983 2659 1087 2733 literis
1102 2686 1232 2757 expro-

256 2777 430 2864 braverat,
460 2783 487 2818 “
505 2774 604 2848 suum
621 2796 756 2849 tantum
783 2777 936 2850 studium
955 2782 1024 2851 srne
1047 2775 1160 2852 fructu
1178 2779 1231 2854 fu·
1254 2844 1257 2850 .

258 2899 286 2944 ‘-‘
304 2893 362 2965 iffe
378 2921 386 2964 ε
401 2895 423 2925 ”
460 2893 711 2992 addideratque
762 2896 924 2992 quaedam
974 2899 1229 2988 contumacius,

258 3012 366 3108 quim
376 3031 492 3085 tutum
508 3014 604 3109 apud
620 3038 716 3085 aures
727 3012 890 3109 superbas
908 3016 1130 3089 &offensioni
1149 3043 1230 3113 pro·

255 3130 379 3203 niores.
415 3134 467 3202 Ea
483 3128 595 3203 Caesar
609 3133 689 3204 osio
706 3131 782 3228 post
799 3158 906 3205 annos
923 3135 1051 3224 retulit,
1071 3137 1231 3211 medium

257 3269 396 3345 tempus
417 3249 512 3321 varie
528 3275 702 3348 arguens3
729 3250 834 3324 etiam
859 3255 881 3324 sr
905 3271 1088 3345 tormenta,
1114 3258 1231 3353 pervi-

256 3369 350 3440 cacid
366 3364 558 3457 servorum,
585 3369 705 3442 contra
721 3370 921 3443 evenissent.

304 3489 426 3559 XXX.
458 3488 596 3560 Drcrrs
624 3487 705 3560 dein
733 3487 918 3578 sententiis,
956 3496 983 3532 “
1013 3512 1053 3564 ut
1084 3494 1230 3571 Serenus

256 3612 403 3678 “more
431 3603 600 3702 majorum
628 3606 851 3702 puniretur,”
876 3608 948 3706 qud
973 3610 1121 3684 molliret
1138 3613 1228 3688 invi-

254 3722 365 3813 diam,
398 3723 594 3796 interceffit.
644 3726 767 3798 Gallus
791 3726 942 3817 Asinius,
985 3732 1148 3825 “Gyaro
1170 3753 1231 3807 aut

257 3849 285 3886 “
303 3844 447 3915 Donusd
467 3844 725 3916 claudendum'’
767 3844 921 3917 censere:
950 3844 986 3918 id
1011 3873 1151 3946 quoque
1178 3851 1228 3926 as-

256 3983 416 4072 pernatus
459 3962 522 4052 est,
561 3970 755 4061 “egenam
794 3989 893 4060 aquae
927 3985 1111 4064 utramque
1139 3968 1229 4056 insta
