2986 5138
338 565 406 632 263
529 559 570 631 C.
611 558 876 632 Connanrr
919 558 1118 633 Tncrrr

336 727 542 800 minentium
579 729 788 827 intelligens,
831 731 946 827 puella
978 730 1066 802 adeo
1103 728 1230 820 nescia,
1278 751 1324 806 ut

335 848 456 920 crebro
485 848 718 944 interrogaret,
748 857 775 890 “
800 852 898 945 quod
913 852 960 921 ob
983 849 1163 937 delidtum,
1188 853 1224 921 Sc
1242 850 1326 947 quo

337 973 364 1008 “
385 969 589 1039 traheretur?
619 993 731 1063 neque
748 966 913 1040 facturam
936 969 1065 1056 ultra,”
1092 972 1139 1056 δι,
1168 972 1197 1009 “
1218 971 1328 1065 posse

232 1148 236 1153 .
337 1094 363 1128 “
381 1086 412 1159 se
431 1087 553 1183 puerili
572 1089 713 1160 verbere
739 1086 911 1160 moneri.''
958 1087 1119 1159 Tradunt
1144 1088 1327 1183 temporis

336 1204 405 1303 ejus
433 1209 600 1292 auctores,
627 1212 653 1248 “
673 1206 753 1302 quia
784 1205 989 1278 triumvirali
1022 1204 1191 1302 supplicio
1221 1208 1326 1280 affici

337 1325 555 1422 “virginem
582 1326 777 1398 inauditum
795 1328 998 1416 habebatur,
1027 1323 1239 1414 acarnifice,
1268 1328 1325 1401 la·

335 1451 362 1489 “
382 1470 511 1541 queum
519 1442 632 1539 juxta,
651 1447 900 1540 compressam:
921 1445 1001 1516 exin
1013 1443 1124 1516 oblisis
1136 1443 1324 1537 saucibus,

337 1572 363 1606 “
384 1563 419 1635 id
440 1565 547 1635 atatis
569 1589 715 1659 corpora
737 1564 773 1635 in
788 1564 976 1636 Gemonias
996 1562 1163 1658 abjedal'

384 1685 430 1754 X.
455 1687 535 1756 Pan
561 1682 654 1754 idem
680 1705 818 1779 tempus
848 1687 928 1755 Asta
955 1704 1059 1778 atque
1089 1684 1224 1756 Achaia
1252 1710 1323 1759 ex-

336 1803 459 1874 territae
477 1800 567 1891 sunt,
597 1802 667 1874 acri
686 1802 811 1900 magis,
835 1803 942 1899 quam
971 1803 1136 1875 diuturno
1153 1827 1321 1895 minore,

335 1930 361 1965 “
382 1922 547 2012 Drusum,
582 1922 776 1994 Germanici
801 1923 925 2010 filium,
959 1923 1050 2018 apud
1068 1921 1240 2016 Cycladas
1262 1923 1322 1995 in·

336 2049 361 2086 “
380 2041 481 2131 sulas,
499 2068 584 2116 mox
602 2041 636 2113 in
654 2042 843 2114 continenti
861 2040 1016 2113 visum:’'
1039 2045 1072 2112 a
1090 2059 1160 2112 erat
1168 2039 1319 2137 juvenis

333 2164 428 2235 haud
456 2161 578 2259 dispari
607 2182 718 2250 aetate,
758 2160 963 2256 quibusdam
993 2158 1130 2232 Casaris
1164 2159 1316 2253 libertis,

334 2284 430 2354 velut
451 2280 600 2378 agnitus,
626 2307 687 2377 per
703 2282 896 2377 dolumque
913 2278 1169 2352 comitantibus.
1219 2281 1316 2354 Alli-

334 2402 512 2474 ciebantur
538 2400 647 2496 ignari
666 2399 756 2472 sama
774 2399 936 2488 nominis,
966 2405 1000 2472 δι
1025 2399 1194 2496 promptis
1211 2402 1315 2473 Grae·

336 2546 456 2592 corum
483 2519 605 2590 animis
630 2522 674 2590 ad
704 2545 795 2591 nova
822 2526 854 2593 ἃ
881 2520 986 2593 mira:
1014 2519 1145 2616 quippe
1169 2526 1196 2561 “
1214 2522 1314 2617 elap-

335 2648 362 2681 “
381 2639 455 2711 sum
478 2637 682 2727 custodiam,
710 2664 852 2735 pergere
873 2641 917 2711 ad
945 2660 1104 2736 paternos
1122 2639 1311 2730 exercitus,

337 2767 363 2801 “
383 2760 582 2855 AEg'yptum
619 2777 677 2827 aut
710 2759 840 2852 Syriam
874 2758 1091 2830 invasurum”
1127 2761 1312 2856 fingebant

336 2880 448 2966 simul,
483 2877 746 2973 credebantque.
806 2882 886 2972 Jam
907 2877 1099 2974 juventutis
1128 2880 1312 2969 concursu,

328 2997 402 3095 jam
437 2996 581 3092 puhlicis
610 2996 727 3067 studiis
763 2996 1054 3093 frequentabatur,
1090 3000 1186 3070 laetus
1221 3027 1311 3095 prae-

335 3116 483 3189 sentibus
502 3121 534 3186 sa
555 3116 708 3186 inanium
721 3117 799 3211 spe3
826 3120 908 3188 cum
926 3118 1082 3189 auditum
1100 3117 1134 3188 id
1152 3121 1313 3213 Poppaeo

333 3237 469 3308 Sabino.
520 3237 552 3305 Is
580 3236 799 3307 Macedonia
832 3257 908 3308 tum
936 3237 1098 3324 intentuS,
1135 3237 1312 3311 Achaiam

334 3382 474 3451 quoque
499 3357 649 3425 curabat.
699 3356 821 3449 igitur,
852 3356 922 3451 quo
948 3382 1028 3427 vera
1053 3355 1108 3427 seu
1137 3354 1216 3426 salsa
1245 3384 1311 3429 an-

334 3476 442 3562 teiret,
466 3478 679 3545 Toronaeum
703 3476 994 3571 Thermaeumque
1013 3480 1122 3547 sinum
1146 3473 1312 3570 praefesti-

334 3621 432 3681 nana,
464 3619 549 3664 mox
580 3597 765 3682 Euboeam,
796 3595 912 3690 AEgaei
944 3596 1046 3666 maris
1076 3594 1232 3681 insulam,
1272 3598 1311 3667 δι

335 3715 506 3784 Piraeum
526 3712 651 3784 Atticae
674 3738 756 3801 orte,
775 3713 854 3784 dein
871 3712 1104 3785 Corinthiense
1122 3713 1212 3795 litus,
1244 3740 1310 3784 an-

335 3831 525 3928 gustiasque
543 3831 658 3902 Isthmi
673 3831 808 3902 evadit:
830 3833 982 3929 marique
1000 3833 1067 3905 alio
1086 3833 1310 3928 Nicopolim,

335 3956 533 4029 Romanam
561 3949 746 4039 coloniam,
770 3950 950 4049 ingressus,
976 3952 1023 4024 ibi
1051 3954 1195 4031 demum
1218 3978 1310 4051 cog-
