<?xml version="1.0" encoding="UTF-8"?>
<!DOCTYPE html PUBLIC "-//W3C//DTD XHTML 1.0 Transitional//EN"
    "http://www.w3.org/TR/xhtml1/DTD/xhtml1-transitional.dtd">
<html xmlns="http://www.w3.org/1999/xhtml" xml:lang="en" lang="en">
 <head>
  <title>
</title>
<meta http-equiv="Content-Type" content="text/html;charset=utf-8" />
  <meta name='ocr-system' content='tesseract 3.04.00' />
  <meta name='ocr-capabilities' content='ocr_page ocr_carea ocr_par ocr_line ocrx_word'/>
</head>
<body>
  <div class='ocr_page' id='page_1' title='image "./ccorneliitaciti03ernegoog_0019.png"; bbox 0 0 2986 5138; ppageno 0'>
   <div class='ocr_carea' id='block_1_1' title="bbox 262 582 300 658">
    <p class='ocr_par' dir='ltr' id='par_1_1' title="bbox 262 582 300 658">
     <span class='ocr_line' id='line_1_1' title="bbox 262 582 300 658; baseline -0.026 0"><span class='ocrx_word' id='word_1_1' title='bbox 262 582 300 658; x_wconf 89' lang='lat' dir='ltr'>vi</span> 
     </span>
    </p>
   </div>
   <div class='ocr_carea' id='block_1_2' title="bbox 247 753 1228 3958">
    <p class='ocr_par' dir='ltr' id='par_1_2' title="bbox 258 753 1227 951">
     <span class='ocr_line' id='line_1_2' title="bbox 258 753 1227 855; baseline 0.003 -28"><span class='ocrx_word' id='word_1_2' title='bbox 258 753 442 838; x_wconf 81' lang='lat' dir='ltr'>Budensrs3</span> <span class='ocrx_word' id='word_1_3' title='bbox 469 773 506 826; x_wconf 92' lang='lat' dir='ltr'>ut</span> <span class='ocrx_word' id='word_1_4' title='bbox 522 753 671 847; x_wconf 89' lang='lat' dir='ltr'>viderur,</span> <span class='ocrx_word' id='word_1_5' title='bbox 701 758 798 855; x_wconf 90' lang='lat' dir='ltr'>quod</span> <span class='ocrx_word' id='word_1_6' title='bbox 814 755 977 832; x_wconf 91' lang='lat' dir='ltr'>Sambuci</span> <span class='ocrx_word' id='word_1_7' title='bbox 994 753 1141 830; x_wconf 88' lang='lat' dir='ltr'>Codices</span> <span class='ocrx_word' id='word_1_8' title='bbox 1157 753 1227 830; x_wconf 87' lang='lat' dir='ltr'>fere</span> 
     </span>
     <span class='ocr_line' id='line_1_3' title="bbox 260 874 814 951; baseline 0.005 -5"><span class='ocrx_word' id='word_1_9' title='bbox 260 898 281 946; x_wconf 91' lang='lat' dir='ltr'>e</span> <span class='ocrx_word' id='word_1_10' title='bbox 295 874 440 945; x_wconf 80' lang='lat' dir='ltr'>Budensr</span> <span class='ocrx_word' id='word_1_11' title='bbox 453 874 665 949; x_wconf 86' lang='lat' dir='ltr'>Bibliotheca</span> <span class='ocrx_word' id='word_1_12' title='bbox 681 904 814 951; x_wconf 85' lang='lat' dir='ltr'>venere.</span> 
     </span>
    </p>

    <p class='ocr_par' dir='ltr' id='par_1_3' title="bbox 256 992 1226 1808">
     <span class='ocr_line' id='line_1_4' title="bbox 310 992 1226 1089; baseline 0.003 -24"><span class='ocrx_word' id='word_1_13' title='bbox 310 998 404 1065; x_wconf 83' lang='lat' dir='ltr'>Ante</span> <span class='ocrx_word' id='word_1_14' title='bbox 421 992 578 1089; x_wconf 87' lang='lat' dir='ltr'>Lipsrum</span> <span class='ocrx_word' id='word_1_15' title='bbox 599 997 723 1070; x_wconf 90' lang='lat' dir='ltr'>nobilis</span> <span class='ocrx_word' id='word_1_16' title='bbox 739 997 803 1070; x_wconf 90' lang='lat' dir='ltr'>fnit</span> <span class='ocrx_word' id='word_1_17' title='bbox 828 996 883 1069; x_wconf 92' lang='lat' dir='ltr'>ille</span> <span class='ocrx_word' id='word_1_18' title='bbox 908 997 1052 1087; x_wconf 73' lang='lat' dir='ltr'>Brrderfis</span> <span class='ocrx_word' id='word_1_19' title='bbox 1068 994 1180 1084; x_wconf 72' lang='lat' dir='ltr'>codex,</span> <span class='ocrx_word' id='word_1_20' title='bbox 1207 1019 1226 1068; x_wconf 90' lang='lat' dir='ltr'>e</span> 
     </span>
     <span class='ocr_line' id='line_1_5' title="bbox 259 1111 1225 1213; baseline 0.003 -28"><span class='ocrx_word' id='word_1_21' title='bbox 259 1111 470 1185; x_wconf 80' lang='lat' dir='ltr'>Bibliotheca</span> <span class='ocrx_word' id='word_1_22' title='bbox 494 1114 637 1187; x_wconf 84' lang='lat' dir='ltr'>Corvini</span> <span class='ocrx_word' id='word_1_23' title='bbox 666 1116 788 1213; x_wconf 86' lang='lat' dir='ltr'>Regis,</span> <span class='ocrx_word' id='word_1_24' title='bbox 813 1141 884 1212; x_wconf 89' lang='lat' dir='ltr'>quo</span> <span class='ocrx_word' id='word_1_25' title='bbox 908 1114 984 1188; x_wconf 86' lang='lat' dir='ltr'>ulus</span> <span class='ocrx_word' id='word_1_26' title='bbox 1009 1115 1057 1188; x_wconf 91' lang='lat' dir='ltr'>est</span> <span class='ocrx_word' id='word_1_27' title='bbox 1084 1116 1225 1188; x_wconf 87' lang='lat' dir='ltr'>Rhena-</span> 
     </span>
     <span class='ocr_line' id='line_1_6' title="bbox 258 1230 1226 1329; baseline 0.003 -26"><span class='ocrx_word' id='word_1_28' title='bbox 258 1255 346 1304; x_wconf 88' lang='lat' dir='ltr'>nus:</span> <span class='ocrx_word' id='word_1_29' title='bbox 377 1231 436 1328; x_wconf 88' lang='lat' dir='ltr'>qni</span> <span class='ocrx_word' id='word_1_30' title='bbox 454 1230 484 1303; x_wconf 92' lang='lat' dir='ltr'>ei</span> <span class='ocrx_word' id='word_1_31' title='bbox 499 1231 585 1305; x_wconf 91' lang='lat' dir='ltr'>libro</span> <span class='ocrx_word' id='word_1_32' title='bbox 602 1234 791 1329; x_wconf 93' lang='lat' dir='ltr'>plurimum</span> <span class='ocrx_word' id='word_1_33' title='bbox 807 1234 938 1306; x_wconf 86' lang='lat' dir='ltr'>tribuit.</span> <span class='ocrx_word' id='word_1_34' title='bbox 988 1233 1126 1329; x_wconf 86' lang='lat' dir='ltr'>Lipsrus</span> <span class='ocrx_word' id='word_1_35' title='bbox 1142 1259 1226 1306; x_wconf 89' lang='lat' dir='ltr'>con·</span> 
     </span>
     <span class='ocr_line' id='line_1_7' title="bbox 257 1350 1224 1450; baseline 0 -27"><span class='ocrx_word' id='word_1_36' title='bbox 257 1369 310 1423; x_wconf 92' lang='lat' dir='ltr'>tra</span> <span class='ocrx_word' id='word_1_37' title='bbox 322 1351 366 1422; x_wconf 86' lang='lat' dir='ltr'>ad</span> <span class='ocrx_word' id='word_1_38' title='bbox 378 1356 423 1423; x_wconf 88' lang='lat' dir='ltr'>A.</span> <span class='ocrx_word' id='word_1_39' title='bbox 437 1354 538 1441; x_wconf 91' lang='lat' dir='ltr'>Xlll,</span> <span class='ocrx_word' id='word_1_40' title='bbox 556 1377 576 1424; x_wconf 82' lang='lat'>2</span> <span class='ocrx_word' id='word_1_41' title='bbox 581 1378 613 1449; x_wconf 83' lang='lat'>5.</span> <span class='ocrx_word' id='word_1_42' title='bbox 632 1379 702 1426; x_wconf 92' lang='lat' dir='ltr'>non</span> <span class='ocrx_word' id='word_1_43' title='bbox 720 1353 861 1450; x_wconf 85' lang='lat' dir='ltr'>optimae</span> <span class='ocrx_word' id='word_1_44' title='bbox 875 1374 962 1426; x_wconf 86' lang='lat' dir='ltr'>notae</span> <span class='ocrx_word' id='word_1_45' title='bbox 976 1351 1073 1425; x_wconf 83' lang='lat' dir='ltr'>fuisse</span> <span class='ocrx_word' id='word_1_46' title='bbox 1090 1350 1224 1438; x_wconf 83' lang='lat' dir='ltr'>censet3</span> 
     </span>
     <span class='ocr_line' id='line_1_8' title="bbox 256 1469 1225 1568; baseline 0.005 -28"><span class='ocrx_word' id='word_1_47' title='bbox 256 1472 292 1564; x_wconf 90' lang='lat' dir='ltr'>J.</span> <span class='ocrx_word' id='word_1_48' title='bbox 325 1469 524 1542; x_wconf 87' lang='lat' dir='ltr'>Gronovius</span> <span class='ocrx_word' id='word_1_49' title='bbox 556 1472 659 1545; x_wconf 88' lang='lat' dir='ltr'>etiam</span> <span class='ocrx_word' id='word_1_50' title='bbox 693 1492 864 1546; x_wconf 89' lang='lat' dir='ltr'>recentem</span> <span class='ocrx_word' id='word_1_51' title='bbox 899 1477 932 1545; x_wconf 88' lang='lat'>&amp;</span> <span class='ocrx_word' id='word_1_52' title='bbox 967 1471 1225 1568; x_wconf 88' lang='lat' dir='ltr'>interpolatum,</span> 
     </span>
     <span class='ocr_line' id='line_1_9' title="bbox 256 1588 1225 1689; baseline 0.002 -28"><span class='ocrx_word' id='word_1_53' title='bbox 256 1589 301 1661; x_wconf 88' lang='lat' dir='ltr'>ad</span> <span class='ocrx_word' id='word_1_54' title='bbox 316 1593 360 1660; x_wconf 83' lang='lat' dir='ltr'>A.</span> <span class='ocrx_word' id='word_1_55' title='bbox 374 1588 440 1675; x_wconf 90' lang='lat' dir='ltr'>Xl,</span> <span class='ocrx_word' id='word_1_56' title='bbox 465 1593 518 1660; x_wconf 89' lang='lat'>18.</span> <span class='ocrx_word' id='word_1_57' title='bbox 554 1591 731 1689; x_wconf 80' lang='lat' dir='ltr'>Qricquid</span> <span class='ocrx_word' id='word_1_58' title='bbox 748 1596 798 1681; x_wconf 90' lang='lat' dir='ltr'>srt,</span> <span class='ocrx_word' id='word_1_59' title='bbox 810 1591 937 1665; x_wconf 87' lang='lat' dir='ltr'>Tacito</span> <span class='ocrx_word' id='word_1_60' title='bbox 956 1590 1116 1688; x_wconf 83' lang='lat' dir='ltr'>proluiffe</span> <span class='ocrx_word' id='word_1_61' title='bbox 1132 1593 1225 1664; x_wconf 91' lang='lat' dir='ltr'>hunc</span> 
     </span>
     <span class='ocr_line' id='line_1_10' title="bbox 258 1707 775 1808; baseline 0.008 -28"><span class='ocrx_word' id='word_1_62' title='bbox 258 1707 401 1795; x_wconf 89' lang='lat' dir='ltr'>librum,</span> <span class='ocrx_word' id='word_1_63' title='bbox 428 1708 544 1803; x_wconf 86' lang='lat' dir='ltr'>negari</span> <span class='ocrx_word' id='word_1_64' title='bbox 561 1737 632 1782; x_wconf 94' lang='lat' dir='ltr'>non</span> <span class='ocrx_word' id='word_1_65' title='bbox 652 1712 775 1808; x_wconf 91' lang='lat' dir='ltr'>potest.</span> 
     </span>
    </p>

    <p class='ocr_par' dir='ltr' id='par_1_4' title="bbox 247 1829 1228 3958">
     <span class='ocr_line' id='line_1_11' title="bbox 304 1829 1226 1935; baseline -0.005 -29"><span class='ocrx_word' id='word_1_66' title='bbox 304 1837 386 1911; x_wconf 90' lang='lat' dir='ltr'>Post</span> <span class='ocrx_word' id='word_1_67' title='bbox 404 1830 565 1935; x_wconf 85' lang='lat' dir='ltr'>Lipsrum</span> <span class='ocrx_word' id='word_1_68' title='bbox 582 1861 686 1908; x_wconf 90' lang='lat' dir='ltr'>nemo</span> <span class='ocrx_word' id='word_1_69' title='bbox 704 1860 723 1906; x_wconf 89' lang='lat' dir='ltr'>c</span> <span class='ocrx_word' id='word_1_70' title='bbox 747 1830 861 1904; x_wconf 86' lang='lat' dir='ltr'>Taciti</span> <span class='ocrx_word' id='word_1_71' title='bbox 886 1829 1072 1903; x_wconf 87' lang='lat' dir='ltr'>editoribus</span> <span class='ocrx_word' id='word_1_72' title='bbox 1092 1829 1226 1902; x_wconf 89' lang='lat' dir='ltr'>Codice</span> 
     </span>
     <span class='ocr_line' id='line_1_12' title="bbox 254 1950 1224 2053; baseline -0.005 -26"><span class='ocrx_word' id='word_1_73' title='bbox 254 1952 380 2053; x_wconf 90' lang='lat' dir='ltr'>scripto</span> <span class='ocrx_word' id='word_1_74' title='bbox 398 1958 474 2031; x_wconf 89' lang='lat' dir='ltr'>usus</span> <span class='ocrx_word' id='word_1_75' title='bbox 491 1956 554 2044; x_wconf 92' lang='lat' dir='ltr'>est,</span> <span class='ocrx_word' id='word_1_76' title='bbox 586 1954 682 2051; x_wconf 91' lang='lat' dir='ltr'>quod</span> <span class='ocrx_word' id='word_1_77' title='bbox 695 1950 839 2024; x_wconf 85' lang='lat' dir='ltr'>sciamus</span> <span class='ocrx_word' id='word_1_78' title='bbox 855 1971 932 2024; x_wconf 88' lang='lat' dir='ltr'>ante</span> <span class='ocrx_word' id='word_1_79' title='bbox 948 1950 1088 2025; x_wconf 77' lang='lat' dir='ltr'>Theod.</span> <span class='ocrx_word' id='word_1_80' title='bbox 1101 1953 1224 2044; x_wconf 87' lang='lat' dir='ltr'>Ryck-</span> 
     </span>
     <span class='ocr_line' id='line_1_13' title="bbox 254 2068 1226 2167; baseline -0.005 -19"><span class='ocrx_word' id='word_1_81' title='bbox 254 2076 339 2149; x_wconf 86' lang='lat' dir='ltr'>ium.</span> <span class='ocrx_word' id='word_1_82' title='bbox 377 2080 410 2148; x_wconf 89' lang='lat' dir='ltr'>ls</span> <span class='ocrx_word' id='word_1_83' title='bbox 426 2075 596 2149; x_wconf 91' lang='lat' dir='ltr'>Codicem</span> <span class='ocrx_word' id='word_1_84' title='bbox 613 2071 732 2143; x_wconf 79' lang='lat' dir='ltr'>habuit</span> <span class='ocrx_word' id='word_1_85' title='bbox 751 2097 845 2159; x_wconf 90' lang='lat' dir='ltr'>enm,</span> <span class='ocrx_word' id='word_1_86' title='bbox 865 2070 924 2167; x_wconf 89' lang='lat' dir='ltr'>qui</span> <span class='ocrx_word' id='word_1_87' title='bbox 938 2068 1117 2166; x_wconf 89' lang='lat' dir='ltr'>quondam</span> <span class='ocrx_word' id='word_1_88' title='bbox 1131 2071 1226 2143; x_wconf 89' lang='lat' dir='ltr'>Rod.</span> 
     </span>
     <span class='ocr_line' id='line_1_14' title="bbox 253 2189 1225 2290; baseline -0.007 -21"><span class='ocrx_word' id='word_1_89' title='bbox 253 2194 430 2290; x_wconf 69' lang='lat' dir='ltr'>Agricolae</span> <span class='ocrx_word' id='word_1_90' title='bbox 447 2192 570 2279; x_wconf 89' lang='lat' dir='ltr'>fuerat,</span> <span class='ocrx_word' id='word_1_91' title='bbox 592 2191 682 2262; x_wconf 91' lang='lat' dir='ltr'>unde</span> <span class='ocrx_word' id='word_1_92' title='bbox 698 2190 850 2284; x_wconf 83' lang='lat' dir='ltr'>Agricolae</span> <span class='ocrx_word' id='word_1_93' title='bbox 866 2189 964 2261; x_wconf 65' lang='lat' dir='ltr'>&amp;dex</span> <span class='ocrx_word' id='word_1_94' title='bbox 974 2207 1124 2260; x_wconf 87' lang='lat' dir='ltr'>vocatur.</span> <span class='ocrx_word' id='word_1_95' title='bbox 1167 2191 1225 2262; x_wconf 84' lang='lat' dir='ltr'>Ex</span> 
     </span>
     <span class='ocr_line' id='line_1_15' title="bbox 254 2307 1226 2409; baseline -0.003 -24"><span class='ocrx_word' id='word_1_96' title='bbox 254 2339 297 2387; x_wconf 90' lang='lat' dir='ltr'>eo</span> <span class='ocrx_word' id='word_1_97' title='bbox 320 2313 479 2409; x_wconf 87' lang='lat' dir='ltr'>quaedam</span> <span class='ocrx_word' id='word_1_98' title='bbox 505 2329 665 2406; x_wconf 88' lang='lat' dir='ltr'>excerpta</span> <span class='ocrx_word' id='word_1_99' title='bbox 693 2333 775 2382; x_wconf 93' lang='lat' dir='ltr'>cum</span> <span class='ocrx_word' id='word_1_100' title='bbox 804 2309 925 2404; x_wconf 90' lang='lat' dir='ltr'>Lipsro</span> <span class='ocrx_word' id='word_1_101' title='bbox 953 2307 1226 2382; x_wconf 84' lang='lat' dir='ltr'>communicavit</span> 
     </span>
     <span class='ocr_line' id='line_1_16' title="bbox 253 2427 1226 2525; baseline -0.002 -23"><span class='ocrx_word' id='word_1_102' title='bbox 253 2431 341 2503; x_wconf 91' lang='lat' dir='ltr'>olim</span> <span class='ocrx_word' id='word_1_103' title='bbox 369 2429 567 2503; x_wconf 87' lang='lat' dir='ltr'>Franciscus</span> <span class='ocrx_word' id='word_1_104' title='bbox 591 2429 764 2502; x_wconf 89' lang='lat' dir='ltr'>Modius:</span> <span class='ocrx_word' id='word_1_105' title='bbox 794 2455 871 2525; x_wconf 87' lang='lat' dir='ltr'>quae</span> <span class='ocrx_word' id='word_1_106' title='bbox 900 2427 1035 2524; x_wconf 80' lang='lat' dir='ltr'>Lipsius</span> <span class='ocrx_word' id='word_1_107' title='bbox 1060 2453 1122 2522; x_wconf 89' lang='lat' dir='ltr'>pro</span> <span class='ocrx_word' id='word_1_108' title='bbox 1142 2453 1226 2500; x_wconf 92' lang='lat' dir='ltr'>con·</span> 
     </span>
     <span class='ocr_line' id='line_1_17' title="bbox 247 2546 1226 2648; baseline -0.003 -25"><span class='ocrx_word' id='word_1_109' title='bbox 247 2547 389 2648; x_wconf 71' lang='lat' dir='ltr'>jecturis</span> <span class='ocrx_word' id='word_1_110' title='bbox 408 2548 520 2646; x_wconf 91' lang='lat' dir='ltr'>potius</span> <span class='ocrx_word' id='word_1_111' title='bbox 538 2549 727 2646; x_wconf 79' lang='lat' dir='ltr'>Agricolae,</span> <span class='ocrx_word' id='word_1_112' title='bbox 746 2574 851 2645; x_wconf 80' lang='lat' dir='ltr'>quarn</span> <span class='ocrx_word' id='word_1_113' title='bbox 869 2547 1072 2619; x_wconf 75' lang='lat' dir='ltr'>ledionibus</span> <span class='ocrx_word' id='word_1_114' title='bbox 1087 2546 1226 2621; x_wconf 85' lang='lat' dir='ltr'>Codicis</span> 
     </span>
     <span class='ocr_line' id='line_1_18' title="bbox 253 2665 1226 2766; baseline -0.001 -24"><span class='ocrx_word' id='word_1_115' title='bbox 253 2669 385 2766; x_wconf 78' lang='lat' dir='ltr'>antiqui</span> <span class='ocrx_word' id='word_1_116' title='bbox 402 2667 534 2759; x_wconf 92' lang='lat' dir='ltr'>habuit,</span> <span class='ocrx_word' id='word_1_117' title='bbox 554 2688 591 2740; x_wconf 88' lang='lat' dir='ltr'>ut</span> <span class='ocrx_word' id='word_1_118' title='bbox 615 2692 634 2740; x_wconf 93' lang='lat' dir='ltr'>e</span> <span class='ocrx_word' id='word_1_119' title='bbox 659 2666 749 2739; x_wconf 88' lang='lat' dir='ltr'>notis</span> <span class='ocrx_word' id='word_1_120' title='bbox 775 2665 843 2764; x_wconf 89' lang='lat' dir='ltr'>ejus</span> <span class='ocrx_word' id='word_1_121' title='bbox 859 2687 1016 2762; x_wconf 86' lang='lat' dir='ltr'>apparet,</span> <span class='ocrx_word' id='word_1_122' title='bbox 1047 2667 1118 2740; x_wconf 86' lang='lat' dir='ltr'>vid.</span> <span class='ocrx_word' id='word_1_123' title='bbox 1143 2693 1177 2738; x_wconf 87' lang='lat' dir='ltr'>v.</span> <span class='ocrx_word' id='word_1_124' title='bbox 1195 2693 1226 2741; x_wconf 88' lang='lat' dir='ltr'>c.</span> 
     </span>
     <span class='ocr_line' id='line_1_19' title="bbox 252 2786 1225 2878; baseline -0.003 -17"><span class='ocrx_word' id='word_1_125' title='bbox 252 2792 299 2861; x_wconf 84' lang='lat' dir='ltr'>ad</span> <span class='ocrx_word' id='word_1_126' title='bbox 318 2796 363 2861; x_wconf 86' lang='lat' dir='ltr'>A.</span> <span class='ocrx_word' id='word_1_127' title='bbox 377 2791 477 2878; x_wconf 88' lang='lat' dir='ltr'>XIV,</span> <span class='ocrx_word' id='word_1_128' title='bbox 502 2791 559 2860; x_wconf 90' lang='lat'>60.</span> <span class='ocrx_word' id='word_1_129' title='bbox 579 2807 664 2859; x_wconf 87' lang='lat' dir='ltr'>extr.</span> <span class='ocrx_word' id='word_1_130' title='bbox 716 2789 810 2860; x_wconf 87' lang='lat' dir='ltr'>Eum</span> <span class='ocrx_word' id='word_1_131' title='bbox 827 2786 997 2859; x_wconf 88' lang='lat' dir='ltr'>Codicem</span> <span class='ocrx_word' id='word_1_132' title='bbox 1016 2812 1097 2859; x_wconf 91' lang='lat' dir='ltr'>cum</span> <span class='ocrx_word' id='word_1_133' title='bbox 1116 2788 1225 2859; x_wconf 89' lang='lat' dir='ltr'>habu·</span> 
     </span>
     <span class='ocr_line' id='line_1_20' title="bbox 252 2902 1225 3003; baseline -0.004 -21"><span class='ocrx_word' id='word_1_134' title='bbox 252 2909 316 2982; x_wconf 88' lang='lat' dir='ltr'>erit</span> <span class='ocrx_word' id='word_1_135' title='bbox 334 2907 505 3003; x_wconf 89' lang='lat' dir='ltr'>Ryckius,</span> <span class='ocrx_word' id='word_1_136' title='bbox 528 2931 640 3002; x_wconf 91' lang='lat' dir='ltr'>eoque</span> <span class='ocrx_word' id='word_1_137' title='bbox 656 2902 732 2978; x_wconf 89' lang='lat' dir='ltr'>usus</span> <span class='ocrx_word' id='word_1_138' title='bbox 751 2909 788 2978; x_wconf 87' lang='lat' dir='ltr'>srt</span> <span class='ocrx_word' id='word_1_139' title='bbox 816 2907 860 2976; x_wconf 89' lang='lat' dir='ltr'>ad</span> <span class='ocrx_word' id='word_1_140' title='bbox 885 2904 1128 3001; x_wconf 88' lang='lat' dir='ltr'>corrigendum</span> <span class='ocrx_word' id='word_1_141' title='bbox 1152 2909 1225 2978; x_wconf 87' lang='lat' dir='ltr'>Ta·</span> 
     </span>
     <span class='ocr_line' id='line_1_21' title="bbox 252 3023 1224 3122; baseline -0.004 -21"><span class='ocrx_word' id='word_1_142' title='bbox 252 3028 375 3115; x_wconf 87' lang='lat' dir='ltr'>citum,</span> <span class='ocrx_word' id='word_1_143' title='bbox 406 3025 603 3098; x_wconf 86' lang='lat' dir='ltr'>mirandum</span> <span class='ocrx_word' id='word_1_144' title='bbox 625 3025 686 3112; x_wconf 87' lang='lat' dir='ltr'>est,</span> <span class='ocrx_word' id='word_1_145' title='bbox 714 3050 793 3097; x_wconf 92' lang='lat' dir='ltr'>eum</span> <span class='ocrx_word' id='word_1_146' title='bbox 816 3024 900 3096; x_wconf 91' lang='lat' dir='ltr'>nihil</span> <span class='ocrx_word' id='word_1_147' title='bbox 920 3026 966 3097; x_wconf 92' lang='lat' dir='ltr'>de</span> <span class='ocrx_word' id='word_1_148' title='bbox 983 3044 1094 3113; x_wconf 85' lang='lat' dir='ltr'>aetate,</span> <span class='ocrx_word' id='word_1_149' title='bbox 1121 3023 1224 3122; x_wconf 88' lang='lat' dir='ltr'>scrip·</span> 
     </span>
     <span class='ocr_line' id='line_1_22' title="bbox 252 3142 1226 3242; baseline -0.002 -22"><span class='ocrx_word' id='word_1_150' title='bbox 252 3167 331 3221; x_wconf 84' lang='lat' dir='ltr'>tura</span> <span class='ocrx_word' id='word_1_151' title='bbox 355 3145 509 3234; x_wconf 90' lang='lat' dir='ltr'>Codicis,</span> <span class='ocrx_word' id='word_1_152' title='bbox 538 3143 677 3241; x_wconf 87' lang='lat' dir='ltr'>aliisque</span> <span class='ocrx_word' id='word_1_153' title='bbox 704 3143 888 3233; x_wconf 80' lang='lat' dir='ltr'>tradidille‚</span> <span class='ocrx_word' id='word_1_154' title='bbox 917 3169 994 3240; x_wconf 90' lang='lat' dir='ltr'>quae</span> <span class='ocrx_word' id='word_1_155' title='bbox 1023 3142 1106 3216; x_wconf 89' lang='lat' dir='ltr'>scire</span> <span class='ocrx_word' id='word_1_156' title='bbox 1128 3145 1226 3242; x_wconf 92' lang='lat' dir='ltr'>cupi·</span> 
     </span>
     <span class='ocr_line' id='line_1_23' title="bbox 252 3261 1224 3364; baseline -0.004 -22"><span class='ocrx_word' id='word_1_157' title='bbox 252 3289 312 3343; x_wconf 88' lang='lat' dir='ltr'>ant</span> <span class='ocrx_word' id='word_1_158' title='bbox 330 3264 443 3364; x_wconf 91' lang='lat' dir='ltr'>periti,</span> <span class='ocrx_word' id='word_1_159' title='bbox 469 3285 574 3362; x_wconf 87' lang='lat' dir='ltr'>atque</span> <span class='ocrx_word' id='word_1_160' title='bbox 586 3265 690 3336; x_wconf 88' lang='lat' dir='ltr'>etiam</span> <span class='ocrx_word' id='word_1_161' title='bbox 702 3264 864 3353; x_wconf 90' lang='lat' dir='ltr'>debeant,</span> <span class='ocrx_word' id='word_1_162' title='bbox 891 3265 972 3336; x_wconf 84' lang='lat' dir='ltr'>fide</span> <span class='ocrx_word' id='word_1_163' title='bbox 989 3261 1127 3336; x_wconf 89' lang='lat' dir='ltr'>Codicis</span> <span class='ocrx_word' id='word_1_164' title='bbox 1144 3289 1224 3338; x_wconf 88' lang='lat' dir='ltr'>auc-</span> 
     </span>
     <span class='ocr_line' id='line_1_24' title="bbox 253 3383 1228 3482; baseline -0.004 -22"><span class='ocrx_word' id='word_1_165' title='bbox 253 3388 387 3460; x_wconf 89' lang='lat' dir='ltr'>toritate</span> <span class='ocrx_word' id='word_1_166' title='bbox 408 3383 564 3482; x_wconf 85' lang='lat' dir='ltr'>judicare</span> <span class='ocrx_word' id='word_1_167' title='bbox 580 3383 699 3456; x_wconf 88' lang='lat' dir='ltr'>velint.</span> <span class='ocrx_word' id='word_1_168' title='bbox 749 3383 831 3475; x_wconf 66' lang='lat' dir='ltr'>Jac..</span> <span class='ocrx_word' id='word_1_169' title='bbox 845 3383 1043 3456; x_wconf 87' lang='lat' dir='ltr'>Gronovius</span> <span class='ocrx_word' id='word_1_170' title='bbox 1070 3408 1151 3455; x_wconf 91' lang='lat' dir='ltr'>eum</span> <span class='ocrx_word' id='word_1_171' title='bbox 1175 3409 1228 3456; x_wconf 90' lang='lat' dir='ltr'>re-</span> 
     </span>
     <span class='ocr_line' id='line_1_25' title="bbox 253 3501 1225 3600; baseline -0.002 -20"><span class='ocrx_word' id='word_1_172' title='bbox 253 3509 482 3581; x_wconf 83' lang='lat' dir='ltr'>centiffimum</span> <span class='ocrx_word' id='word_1_173' title='bbox 496 3509 529 3578; x_wconf 73' lang='grc' dir='ltr'>δι</span> <span class='ocrx_word' id='word_1_174' title='bbox 545 3504 631 3577; x_wconf 88' lang='lat' dir='ltr'>mire</span> <span class='ocrx_word' id='word_1_175' title='bbox 644 3501 1049 3600; x_wconf 87' lang='lat' dir='ltr'>interpolatumjndicat,</span> <span class='ocrx_word' id='word_1_176' title='bbox 1067 3505 1111 3574; x_wconf 89' lang='lat' dir='ltr'>ad</span> <span class='ocrx_word' id='word_1_177' title='bbox 1130 3508 1225 3578; x_wconf 86' lang='lat' dir='ltr'>Ann.</span> 
     </span>
     <span class='ocr_line' id='line_1_26' title="bbox 253 3622 1224 3720; baseline -0.004 -19"><span class='ocrx_word' id='word_1_178' title='bbox 253 3629 322 3713; x_wconf 90' lang='lat' dir='ltr'>XI,</span> <span class='ocrx_word' id='word_1_179' title='bbox 342 3630 394 3698; x_wconf 88' lang='lat'>18.</span> <span class='ocrx_word' id='word_1_180' title='bbox 420 3627 501 3713; x_wconf 91' lang='lat' dir='ltr'>XV,</span> <span class='ocrx_word' id='word_1_181' title='bbox 524 3648 579 3720; x_wconf 84' lang='lat'>53.</span> <span class='ocrx_word' id='word_1_182' title='bbox 616 3625 672 3695; x_wconf 91' lang='lat' dir='ltr'>De</span> <span class='ocrx_word' id='word_1_183' title='bbox 689 3622 950 3718; x_wconf 89' lang='lat' dir='ltr'>interpolatione</span> <span class='ocrx_word' id='word_1_184' title='bbox 968 3648 1037 3694; x_wconf 92' lang='lat' dir='ltr'>non</span> <span class='ocrx_word' id='word_1_185' title='bbox 1053 3622 1224 3697; x_wconf 89' lang='lat' dir='ltr'>dubitem.</span> 
     </span>
     <span class='ocr_line' id='line_1_27' title="bbox 254 3741 1224 3837; baseline -0.002 -21"><span class='ocrx_word' id='word_1_186' title='bbox 254 3745 375 3817; x_wconf 86' lang='lat' dir='ltr'>Habet</span> <span class='ocrx_word' id='word_1_187' title='bbox 392 3743 485 3815; x_wconf 93' lang='lat' dir='ltr'>enim</span> <span class='ocrx_word' id='word_1_188' title='bbox 501 3741 602 3814; x_wconf 88' lang='lat' dir='ltr'>nimis</span> <span class='ocrx_word' id='word_1_189' title='bbox 619 3741 741 3828; x_wconf 90' lang='lat' dir='ltr'>multa,</span> <span class='ocrx_word' id='word_1_190' title='bbox 768 3766 847 3837; x_wconf 88' lang='lat' dir='ltr'>quae</span> <span class='ocrx_word' id='word_1_191' title='bbox 871 3741 1167 3836; x_wconf 88' lang='lat' dir='ltr'>interpolationem</span> <span class='ocrx_word' id='word_1_192' title='bbox 1190 3746 1224 3814; x_wconf 74' lang='grc' dir='ltr'>δι</span> 
     </span>
     <span class='ocr_line' id='line_1_28' title="bbox 253 3858 1225 3958; baseline 0.001 -25"><span class='ocrx_word' id='word_1_193' title='bbox 253 3860 450 3935; x_wconf 71' lang='lat' dir='ltr'>correctoris</span> <span class='ocrx_word' id='word_1_194' title='bbox 466 3859 643 3958; x_wconf 86' lang='lat' dir='ltr'>ingenium</span> <span class='ocrx_word' id='word_1_195' title='bbox 661 3858 803 3954; x_wconf 90' lang='lat' dir='ltr'>sapiant,</span> <span class='ocrx_word' id='word_1_196' title='bbox 829 3878 868 3931; x_wconf 91' lang='lat' dir='ltr'>ut</span> <span class='ocrx_word' id='word_1_197' title='bbox 885 3858 987 3931; x_wconf 88' lang='lat' dir='ltr'>variis</span> <span class='ocrx_word' id='word_1_198' title='bbox 1009 3860 1142 3935; x_wconf 86' lang='lat' dir='ltr'>locis&amp;</span> <span class='ocrx_word' id='word_1_199' title='bbox 1163 3861 1225 3957; x_wconf 82' lang='lat' dir='ltr'>ipsr</span> 
     </span>
    </p>
   </div>
   <div class='ocr_carea' id='block_1_3' title="bbox 254 3975 1223 4081">
    <p class='ocr_par' dir='ltr' id='par_1_5' title="bbox 254 3975 1223 4081">
     <span class='ocr_line' id='line_1_29' title="bbox 254 3975 1223 4081; baseline -0.001 -25"><span class='ocrx_word' id='word_1_200' title='bbox 254 3978 464 4063; x_wconf 71' lang='lat' dir='ltr'>notavimus,</span> <span class='ocrx_word' id='word_1_201' title='bbox 513 3978 620 4057; x_wconf 89' lang='lat' dir='ltr'>Unde</span> <span class='ocrx_word' id='word_1_202' title='bbox 648 3975 802 4080; x_wconf 73' lang='lat' dir='ltr'>profecto</span> <span class='ocrx_word' id='word_1_203' title='bbox 829 3978 975 4057; x_wconf 90' lang='lat' dir='ltr'>nonest</span> <span class='ocrx_word' id='word_1_204' title='bbox 1005 3982 1223 4081; x_wconf 86' lang='lat' dir='ltr'>negandum,</span> 
     </span>
    </p>
   </div>
   <div class='ocr_carea' id='block_1_4' title="bbox 0 0 1498 5138">
    <p class='ocr_par' dir='ltr' id='par_1_6' title="bbox 0 0 1498 5138">
     <span class='ocr_line' id='line_1_30' title="bbox 0 0 1498 5138; baseline 0 0"><span class='ocrx_word' id='word_1_205' title='bbox 0 0 1498 5138; x_wconf 95' lang='lat' dir='ltr'> </span> 
     </span>
    </p>
   </div>
  </div>
 </body>
</html>
