2986 5138
447 576 740 647 Arruntium
780 576 888 646 Lrn.
929 572 991 646 IV.
1130 598 1195 673 231

235 749 263 788 “
281 771 376 836 men,
407 748 466 820 tali
497 745 688 846 conjugio?
714 746 854 822 Falleris
880 748 987 837 enim,
1016 745 1146 844 Sejane,
1172 750 1195 822 sr

235 871 263 907 “
280 864 526 940 remansurum
544 868 580 940 in
595 869 719 941 eodem
737 867 856 940 ordine
872 888 984 963 putas,
997 872 1030 938 δι
1043 867 1198 956 Liviam,

234 991 358 1081 “quae
398 988 440 1058 C.
469 983 608 1077 Caesari,
631 1012 716 1058 mox
744 983 857 1058 Druso
885 1005 994 1082 nupta
1020 984 1134 1075 fuerit,
1158 986 1198 1058 ed

233 1109 261 1145 “
278 1125 393 1177 mente
409 1107 576 1195 aduram,
598 1125 636 1177 ut
659 1131 741 1179 cum
771 1105 884 1201 equite
905 1108 1070 1179 Romano
1089 1100 1196 1178 senes-

234 1229 263 1266 “
280 1244 346 1296 cat.
398 1227 477 1322 Ego
495 1245 532 1297 ut
550 1229 669 1313 finam,
692 1222 844 1297 credisne
860 1227 1026 1320 passuros,
1052 1223 1112 1321 qui
1129 1222 1196 1297 fra·

233 1349 262 1385 “
280 1363 368 1415 trem
396 1341 481 1441 ejus,
513 1342 574 1441 qui
597 1350 728 1441 patrem
751 1340 962 1439 majoresque
986 1341 1131 1431 nostros,
1161 1342 1197 1415 in

233 1468 261 1503 “
277 1460 419 1535 summis
440 1463 593 1560 imperiis
608 1463 750 1535 vidlre?
776 1461 837 1533 Vis
862 1481 900 1533 tu
925 1460 1069 1557 quidem
1091 1460 1196 1535 istum

233 1587 261 1623 “
278 1579 365 1653 intra
380 1583 496 1655 locum
515 1583 647 1655 srstere:
677 1581 734 1654 sed
757 1580 807 1653 illi
831 1579 1044 1677 magistratus
1068 1584 1102 1653 &
1127 1581 1198 1677 pri·

234 1705 261 1741 “
280 1724 394 1772 mores
411 1700 486 1798 qui,
510 1721 545 1774 te
567 1700 691 1790 invit0,
714 1720 953 1797 perrumpunt,
970 1698 1198 1797 omnibusque

233 1824 261 1861 “
279 1819 440 1893 derebus
459 1818 653 1909 consulunt,
671 1819 838 1891 exceffiffe
846 1814 922 1914 jam
940 1817 1076 1914 pridem
1092 1844 1197 1916 eque·

233 1944 261 1980 “
277 1938 340 2012 stre
357 1936 546 2036 fastigium,
563 1939 740 2036 longeque
752 1936 888 2009 anteisse
907 1936 1010 2035 patris
1024 1937 1093 2010 mei
1110 1938 1197 2011 ami·

234 2063 262 2099 “
279 2056 388 2147 citias,
418 2083 490 2131 non
517 2056 645 2132 occulti
670 2055 796 2145 ferunt,
814 2081 942 2154 perque
959 2055 1127 2130 invidiam
1146 2059 1199 2132 tul

232 2181 260 2218 “
279 2201 335 2248 me
353 2201 492 2273 quoque
509 2175 673 2250 incusant.
723 2180 774 2248 At
802 2175 896 2248 enim
924 2175 1102 2272 Augustus
1128 2175 1196 2249 fili·

230 2301 259 2336 “
276 2320 334 2367 am
355 2296 448 2368 suam
472 2294 579 2392 equiti
596 2298 760 2369 Romano
776 2295 907 2367 tradere
924 2294 1109 2368 meditatus
1136 2294 1197 2368 est.

228 2420 257 2457 “
275 2414 412 2488 Mirum
431 2414 583 2505 hercule,
608 2418 645 2504 sr,
669 2413 752 2486 cum
768 2413 804 2486 in
819 2439 941 2487 onmes
961 2439 1057 2486 curas
1077 2412 1196 2486 distra-

228 2542 257 2578 “
277 2537 430 2625 hererur,
448 2535 730 2631 immensumque
741 2532 850 2605 attolli
862 2530 1078 2628 provideret,
1092 2558 1200 2631 quent

231 2659 259 2696 “
277 2652 516 2752 conjuntlione
532 2652 590 2725 tali
617 2651 715 2749 super
735 2652 819 2725 alios
842 2651 1027 2742 extulisset,
1050 2655 1091 2725 C.
1113 2655 1198 2726 Pro·
1303 2652 1307 2661 '

232 2779 260 2816 “
278 2772 444 2861 culeium,
468 2768 684 2867 &quosdam
705 2769 741 2842 in
759 2769 972 2845 sermonibus
993 2772 1126 2861 habuit,
1144 2772 1197 2845 in-

232 2899 260 2934 “
278 2891 361 2990 srgni
380 2890 623 2988 tranquillitate
641 2888 735 2980 vitae,
748 2889 851 2963 nullis
874 2889 1069 2987 reipublicae
1086 2917 1196 2989 nego·

231 3019 259 3054 “
276 3010 330 3084 tiis
344 3009 542 3107 permixtos.
591 3008 657 3082 Sed
676 3011 699 3081 sr
715 3006 931 3081 dubitatione
949 3009 1100 3107 Augusti
1120 3035 1197 3083 mo-

231 3138 258 3172 “
276 3155 417 3216 vemur3
445 3126 576 3227 quanto
594 3128 741 3202 validius
757 3128 806 3201 est
824 3127 920 3225 qubd
937 3132 994 3202 M.
1012 3129 1195 3227 Agrippae,

231 3255 362 3321 “mox
395 3247 479 3321 mihi
512 3247 737 3322 conlocavit?
771 3252 892 3345 Atque
921 3274 989 3346 ego
1016 3250 1106 3338 haec,
1132 3273 1197 3344 pro

232 3375 261 3410 “
280 3366 444 3457 amicitia,
469 3393 540 3440 non
567 3366 760 3442 occultavi:
792 3369 944 3441 ceterbm
971 3391 1085 3464 neque
1112 3366 1195 3455 tuis,

231 3497 257 3532 “
277 3514 391 3585 neque
408 3487 522 3561 Liviae
539 3486 726 3578 destinatis,
743 3484 957 3561 adversabor.
1006 3483 1083 3580 Ipse
1110 3484 1196 3582 quid

230 3609 364 3682 “intra
396 3607 553 3681 animum
569 3606 812 3696 volutaverim,
838 3605 962 3703 quibus
989 3605 1103 3677 adhuc
1135 3629 1196 3677 ne·

230 3738 257 3775 ‘⁴
275 3728 533 3804 ceffitudinibus
550 3724 738 3800 immiscere
765 3745 801 3798 te
826 3725 911 3799 mihi
928 3749 1061 3821 parem,
1090 3723 1197 3797 omit-

230 3858 257 3894 “
275 3870 348 3923 tam
377 3851 422 3922 ad
448 3845 592 3945 praesens
619 3844 765 3920 referre:
796 3844 832 3917 id
865 3844 1001 3917 tantbm
1028 3840 1195 3938 aperiam,

230 3977 258 4014 “
276 3970 362 4044 nihil
378 3971 444 4045 effe
460 3990 533 4044 tam
550 3964 735 4054 excelsum,
751 3966 847 4063 quod
865 3989 936 4038 non
953 3963 1094 4037 virtutes
1108 3960 1194 4052 istae,

654 4089 741 4182 Q
