2986 5138
330 558 406 635 xxii

329 731 392 803 vit.
441 729 486 803 lis
502 729 640 826 Lipsius
657 753 727 803 non
745 727 963 802 mediocriter
979 725 1124 824 profecit
1135 726 1172 802 in
1189 729 1304 828 poste-

330 849 478 923 rioribus
494 847 561 922 suis
577 847 801 937 editionibus,
829 868 868 921 ut
882 845 1094 921 nitescerent.

335 1012 338 1017 -
378 969 547 1042 Matthias
568 971 863 1057 Banusooavus,
892 969 1100 1058 Germanus,
1127 965 1241 1064 magis
1258 968 1304 1041 ad

329 1086 525 1175 utilitatem,
560 1087 668 1183 quam
683 1087 728 1159 ad
750 1085 984 1184 splendorem,
1015 1088 1084 1160 fine
1094 1087 1165 1160 ulla
1188 1107 1306 1159 tamen

329 1207 414 1280 Mff.
434 1205 604 1280 librorum
622 1231 702 1303 ope,
727 1205 843 1280 Taciti
868 1206 1056 1279 editionem
1076 1225 1307 1280 accuraverat.

333 1326 389 1397 Eo
416 1323 598 1415 defuneto,
634 1350 741 1423 gener
766 1322 839 1422 ejus
862 1328 1016 1420 Joannes
1039 1324 1306 1414 Freinshemius,

331 1442 387 1515 vir
403 1443 439 1514 in
456 1443 635 1538 republicd
651 1443 797 1516 literaria
813 1443 1017 1533 notissimus,
1045 1469 1122 1517 eam
1137 1470 1209 1517 non
1227 1469 1305 1541 per·

332 1562 458 1659 petuis,
482 1560 539 1635 sed
556 1560 684 1636 selestis
708 1563 800 1635 notis
824 1563 1085 1660 locupletatam,
1112 1567 1147 1635 dc
1172 1561 1306 1635 aMel·

332 1681 451 1754 chiore
467 1679 702 1754 Freinlbemio
729 1682 976 1756 communibus
998 1707 1081 1755 cum
1109 1681 1211 1753 statre
1236 1680 1307 1753 stu-

332 1799 399 1873 diis
424 1797 563 1897 copioso
589 1799 705 1875 indice
733 1801 942 1890 instructam,
962 1798 1050 1899 juris
1074 1797 1205 1899 publici
1225 1795 1308 1872 fecit

333 1919 556 2017 Argentorati
575 1946 667 1994 anno
685 1944 942 1993 uncxxxvrrr.

380 2041 534 2133 Joannes
550 2038 752 2111 Fredericus
775 2041 1025 2128 Guouovurs,
1039 2041 1199 2127 Batavus,
1225 2043 1308 2114 Ber·

329 2157 578 2255 neggerianam
598 2155 799 2247 editionem,
826 2157 895 2229 levi
917 2156 976 2230 sud
991 2160 1110 2254 opera,
1140 2158 1198 2231 sed
1224 2159 1306 2233 niti-

331 2276 429 2349 diore
445 2275 576 2363 cbartd,
600 2275 869 2372 elegantioribus
885 2277 989 2373 typis,
1022 2302 1105 2349 cum
1126 2275 1192 2349 suis
1208 2278 1310 2352 Vari·
1424 2304 1427 2310 ·

332 2416 504 2490 urumque
521 2391 612 2464 notis
630 2398 664 2466 &
682 2393 890 2490 quibusdam
908 2395 1117 2468 variantibus
1139 2394 1210 2470 Ms.
1230 2400 1309 2472 Ox·

332 2510 475 2584 oniensis
492 2510 694 2585 leslionibus
710 2512 745 2584 in
762 2514 875 2611 operis
894 2515 989 2588 calce
1005 2512 1192 2613 subjunslis
1208 2518 1310 2616 Lug·

332 2629 418 2704 duni
435 2632 643 2704 Batavorum
660 2629 857 2706 absolvebat
873 2658 965 2706 anno
983 2657 1203 2725 uncaxxrr,
1226 2635 1311 2711 cum

333 2749 477 2822 vivendi
505 2752 612 2822 finem
646 2747 739 2824 fecit.
790 2752 927 2825 Eadem
961 2751 1070 2825 editio
1099 2752 1173 2849 pari
1199 2752 1310 2828 nitore

331 2868 457 2948 iterum
474 2869 603 2965 prodiit
619 2870 875 2945 Amstelodami
894 2897 987 2944 anuo
1004 2896 1237 2946 uocnxxxv.

382 2987 539 3082 julianus
561 2990 734 3080 Pretiosa,
759 2992 895 3080 Gallus,
929 2992 975 3064 ad
996 2990 1126 3090 majora
1152 3008 1310 3080 vocatus,

333 3105 395 3178 vix
410 3106 503 3203 paria
528 3106 709 3203 praestitit:
736 3109 832 3182 nulls
855 3109 1012 3184 adhibita
1033 3112 1119 3185 Mss.
1145 3109 1312 3186 codicum

335 3244 566 3322 veterumque
598 3225 770 3300 librorum
811 3229 1010 3322 collatione,
1054 3229 1222 3328 grandem
1259 3248 1312 3303 ta-

335 3369 432 3434 men,
457 3342 516 3418 sed
534 3343 703 3442 indigesta
719 3347 814 3419 mole
830 3346 1025 3445 gravidam,
1051 3348 1242 3422 editionem
1265 3348 1314 3422 ad

333 3465 436 3540 usum
460 3460 665 3538 Sereniffimi
681 3466 848 3562 Delphini
869 3467 1003 3542 Parisiis
1022 3467 1202 3565 apparavit
1217 3493 1311 3540 anno

335 3607 580 3657 Muccxxxu.
630 3583 765 3661 Recusa
780 3585 829 3657 est
845 3586 999 3659 Venetiis
1014 3612 1107 3660 anno
1128 3611 1314 3661 uoccvn.

384 3702 563 3776 Theodori
588 3706 764 3792 varcrr,
798 3704 932 3796 Batavi,
956 3698 1126 3795 breviora,
1156 3707 1213 3779 sed
1238 3730 1313 3779 me·

335 3821 423 3895 liora
435 3821 640 3917 utilioraque
656 3821 691 3894 in
703 3822 867 3896 Tacitum
884 3825 1005 3899 studia.
1033 3826 1197 3899 Prodiere
1210 3827 1312 3922 Lug-

335 3939 423 4014 duni
453 3941 663 4020 Batavorum
695 3965 788 4023 auno
827 3967 1091 4027 uoccxxxvrr.
1140 3942 1311 4035 Nitidiits,
