2940 5146
358 554 428 649 316
524 546 1205 639 C.Conunr.11Tncrrr,&c.

403 728 467 799 LI.
490 726 627 799 Prtrnn
646 725 676 798 ei
694 726 806 813 Nero,
839 725 872 795 δι
903 724 1080 821 utrimque
1097 725 1197 821 origo
1215 728 1332 823 gentis

355 842 525 933 Claudiae,
560 869 775 941 quamquam
808 863 917 915 mater
943 843 979 914 in
1007 842 1163 933 Liviam,
1190 849 1223 917 ἃ
1241 872 1334 919 mox

356 962 488 1057 Juliam
509 962 691 1051 familiam,
720 961 967 1058 adoptionibus
995 962 1172 1034 tranfierit.
1220 964 1330 1038 Casus

354 1081 465 1177 primii
489 1084 538 1154 ab·
558 1080 698 1153 infantia
710 1080 895 1177 ancipites:
924 1106 1006 1153 nam
1023 1077 1251 1177 proscriptum
1266 1110 1330 1181 pa-

352 1218 444 1271 trem
460 1196 555 1271 exsul
578 1197 724 1288 secutus,
746 1200 809 1271 ubi
834 1201 982 1273 domum
1012 1200 1163 1296 Augusti
1191 1200 1328 1299 privig-

353 1342 419 1389 nus
443 1316 587 1406 introiit,
613 1316 730 1389 multis
757 1317 891 1391 aemulis
914 1318 1128 1391 conflictatus
1144 1320 1207 1407 est,
1236 1321 1328 1395 dum

353 1437 545 1509 Marcellus
563 1438 596 1508 δι
617 1435 790 1534 Agrippa,
809 1461 895 1509 mox
912 1437 1015 1509 Caius
1033 1436 1232 1534 Luciusque
1246 1440 1329 1512 Cae·

353 1554 454 1643 sares,
482 1554 652 1652 viguere:
674 1554 778 1627 etiam
804 1552 907 1628 frater
934 1554 1005 1651 ejus
1032 1554 1161 1628 Drusus
1185 1556 1328 1653 prospe-

352 1671 589 1757 riorecivium
605 1699 722 1746 amore
743 1695 825 1747 erat.
875 1675 941 1748 Sed
967 1674 1119 1747 maxime
1139 1673 1328 1750 inlubrico

353 1791 439 1889 egit,
453 1794 595 1887 accepta
607 1792 643 1863 in
661 1793 921 1866 matrimonium
933 1793 1048 1887 julio:
1073 1793 1329 1889 impudicitiam

353 1910 471 1983 uxoris
488 1911 649 2000 tolerans,
677 1932 736 1983 aut
762 1912 949 1984 declinans.
998 1912 1091 1984 Dein
1116 1913 1246 1985 Rhodo
1270 1941 1327 1987 re-

354 2032 496 2129 gteffus,
521 2055 650 2104 vacuos
667 2029 834 2127 Principis
852 2052 991 2128 penates
1008 2030 1194 2103 duodecim
1209 2033 1326 2124 annis,

352 2175 440 2223 mox
455 2149 503 2222 rei
521 2154 692 2223 Romanae
709 2149 885 2223 arbitrium
902 2150 1012 2223 tribus
1027 2147 1134 2221 ferme
1157 2154 1188 2220 δι
1206 2150 1326 2247 vigin-

352 2268 378 2339 ti
397 2268 556 2341 obtinuit.
606 2272 755 2341 Morum
773 2293 913 2365 quoque
929 2288 1085 2364 tempora
1100 2268 1149 2339 illi
1164 2268 1323 2344 diversa:

352 2387 531 2483 egregium
562 2386 632 2459 vita
659 2384 822 2481 famique
851 2388 967 2482 quoad
998 2386 1162 2482 privatus,
1198 2389 1254 2459 vel
1287 2389 1325 2462 in

352 2504 502 2600 imperiis
517 2503 581 2575 sub
599 2502 756 2598 Augusto
773 2501 857 2575 fuit:
882 2506 1060 2578 occultum
1078 2529 1117 2576 ac
1135 2503 1324 2580 subdolum

351 2621 524 2719 fingendis
541 2619 739 2707 virtutibus,
758 2621 871 2694 donec
888 2623 1118 2695 Germanicus
1136 2649 1175 2695 ac
1192 2624 1324 2699 Drusus

351 2739 557 2836 superfuire.
619 2739 718 2810 ldcm
756 2737 844 2810 inter
872 2742 964 2812 bona
989 2743 1147 2837 malaque
1174 2742 1320 2834 mixtus,

349 2857 517 2932 incolumi
546 2879 676 2930 matre:
705 2856 898 2929 intestabilis
932 2858 1068 2945 sevitia,
1094 2859 1149 2931 scd
1177 2864 1323 2935 obteftis

350 2979 566 3066 libidinibus,
589 2980 676 3049 dum
704 2974 863 3070 Sejanum
885 2976 1018 3065 dilexit,
1044 2978 1226 3051 timuitvc:
1254 3008 1320 3075 po-

346 3098 472 3173 stremi>
490 3098 524 3168 in
541 3096 665 3169 scelera
683 3095 835 3165 simulac
852 3094 1021 3167 dedecora
1038 3098 1205 3192 prorupit,
1227 3100 1318 3194 post-

347 3243 467 3313 quam,
497 3234 633 3287 remoto
651 3213 832 3308 pudore&
852 3231 961 3300 metu,
989 3212 1048 3285 suo
1065 3218 1198 3289 tantum
1217 3218 1315 3317 inge-

349 3335 407 3406 nio
432 3337 601 3407 utebatur.

542 3675 710 3723 FINIS
762 3676 895 3723 TOMI
949 3676 1124 3725 PRIMI.
