2940 5146
154 520 223 613 258
345 515 387 587 C.
427 514 693 586 Conuaarr
731 509 949 585 Tncrrr

152 686 284 756 bellum
310 685 531 781 permitteret.
591 684 719 780 Neque
742 678 879 755 senatus
903 682 948 754 in
968 705 1017 754 eo
1050 704 1152 773 cum,

153 828 197 874 an
220 802 354 898 imperii
371 826 526 876 extrema
543 802 869 874 dehonestarentur:
897 826 1024 898 pavor
1042 799 1151 876 inter-

153 947 218 994 nus
252 943 483 1018 occupaverat
511 921 658 1010 animos,
690 921 746 994 cui
779 918 986 993 remedium
1021 921 1150 994 adula-

153 1041 249 1113 tione
271 1044 499 1137 quaerebatur.
548 1042 614 1129 Ita,
634 1064 849 1137 quamquam
867 1038 1022 1112 diverfis
1040 1038 1150 1136 super

153 1162 256 1233 rebus
289 1158 558 1247 consulerentur,
598 1166 625 1201 “
651 1184 744 1231 aram
773 1156 1001 1246 Clementia,
1044 1183 1145 1233 atam

154 1285 181 1320 ‘⁸'
201 1278 390 1366 Amicitia,
420 1277 616 1375 effigiesque
632 1278 765 1351 circum
780 1277 918 1351 Caesaris
936 1302 982 1350 ac
999 1275 1147 1374 Sejani’'

152 1396 330 1470 censuere:
357 1395 550 1493 crebrisque
574 1396 734 1493 precibus
749 1395 1006 1494 efflagitabant:
1036 1405 1067 1440 ‘⁴
1087 1399 1139 1471 vi-

153 1523 180 1558 “
198 1515 293 1588 sendi
317 1515 368 1588 sui
394 1515 531 1611 copiam
555 1513 739 1588 facerent.''
788 1517 874 1588 Non
890 1515 939 1587 illi
957 1536 1083 1590 tamen
1102 1518 1138 1590 in

152 1638 303 1726 Urbem,
330 1655 388 1707 aut
412 1634 605 1730 propinqua
632 1635 725 1708 Urbi
750 1635 896 1732 degressi
920 1633 1020 1708 sunt:
1058 1636 1140 1710 satis

153 1753 281 1843 visum,
307 1752 464 1826 omittere
488 1752 646 1839 insulam,
672 1757 706 1825 δι
729 1753 766 1825 in
790 1751 952 1849 proximo
978 1755 1137 1852 Campa·

152 1874 218 1947 niae
244 1873 370 1970 aspici:
399 1872 441 1944 eb
458 1871 576 1943 venire
600 1893 725 1967 patres,
755 1897 872 1970 eques,
898 1896 1031 1969 magna
1054 1899 1139 1970 pars

152 1993 277 2090 plebis,
296 1990 389 2064 anxii
414 2016 496 2088 erga
514 1987 690 2086 Sejanum,
719 1987 816 2087 cujus
829 1989 948 2062 durior
964 1992 1136 2089 congres-

40 2123 44 2132 '
151 2111 218 2200 sus,
245 2131 349 2208 atque
366 2110 408 2184 eb
432 2135 493 2207 per
509 2109 694 2198 ambitum,
728 2114 761 2181 δι
783 2107 940 2182 societate
967 2111 1136 2184 consilio·

150 2256 229 2303 rum
253 2233 445 2327 parabatur.
495 2227 581 2300 Satis
605 2228 781 2302 constabat
808 2230 945 2300 audiam
965 2228 998 2301 ei
1029 2231 1138 2303 adro-

152 2347 319 2445 gantiam,
361 2346 497 2421 soedum
530 2347 618 2419 illud
658 2346 696 2418 in
737 2335 920 2443 propatulo
954 2346 1139 2426 servitium

149 2466 335 2562 spedanti:
356 2467 486 2562 quippe
504 2469 644 2555 Romae,
664 2464 748 2537 sueti
764 2464 928 2539 discursus
935 2496 947 2553 ς
974 2471 1010 2540 a
1029 2494 1138 2568 mag-

152 2585 310 2657 nitudine
328 2584 436 2656 Urbis
464 2583 649 2672 incertum,
675 2586 770 2681 quod
793 2583 935 2681 quisque
953 2586 997 2657 ad
1017 2613 1136 2686 nego-

151 2704 240 2774 tium
275 2722 408 2798 pergat.
475 2702 528 2774 Ibi
560 2728 701 2799 camp0,
742 2723 801 2775 aut
830 2703 929 2776 litore
958 2701 1138 2798 jacenteS,

152 2821 249 2893 nullo
268 2819 473 2909 discrimine,
498 2823 635 2893 noctem
660 2847 699 2893 ac
716 2821 824 2911 diem,
841 2820 944 2918 juxti
963 2825 1136 2919 gratiam,

151 2960 209 3012 aut
237 2937 338 3010 fastus
356 2938 544 3035 janitomm
564 2940 865 3035 perpetiebantur:
893 2943 1005 3014 donec
1021 2944 1140 3043 idque

151 3058 311 3145 vetitum,
333 3063 546 3131 &revenere
568 3058 601 3129 in
624 3060 762 3130 Urbem
785 3059 921 3155 trepidi,
949 3086 1039 3155 quos
1059 3091 1138 3139 non

153 3179 323 3265 sermone,
352 3202 422 3248 non
452 3177 525 3248 visu
559 3177 722 3273 dignatus
749 3199 837 3249 erat:
867 3176 1011 3275 quidam
1037 3187 1138 3257 male

153 3298 291 3385 alacreS,
310 3296 435 3392 quibus
452 3295 604 3367 insaustae
623 3295 780 3367 amicitiae
798 3296 910 3393 gravis
929 3297 1043 3372 exitus
1064 3302 1139 3378 im.

150 3414 314 3486 minebat.

199 3534 353 3604 LXXV.
395 3535 590 3605 Caranum
628 3532 788 3606 Tiberius
821 3555 960 3629 neptem
996 3541 1141 3639 Agrip.

151 3650 284 3747 pinam,
310 3650 517 3723 Germanico
545 3670 672 3740 ortam,
702 3652 784 3724 cirm
809 3654 925 3725 coram
949 3656 1017 3726 Cn.
1052 3661 1139 3733 Do.

150 3769 249 3841 mitio
270 3770 469 3857 tradidisset,
495 3769 530 3842 in
557 3772 657 3842 Urbe
685 3771 843 3843 celebrari
866 3772 1001 3868 nuptias
1018 3772 1140 3869 juffit.

149 3891 190 3962 In
203 3887 377 3979 Domiti0,
392 3886 491 3985 super
508 3888 710 3963 vetustatem
728 3891 872 3988 generis,
887 3892 1140 3992 propinquum
