2986 5138
470 587 778 656 Auunsrun
811 586 924 657 Lts.
956 586 1001 657 ΙΙ.
1153 608 1214 659 101

254 756 389 855 gotium
402 757 555 830 Sallustio
567 758 704 855 Crispo:
728 759 786 831 ille
798 785 817 830 e
829 759 1008 831 clientibus
1020 759 1108 831 duos
1121 757 1218 854 (qui-

253 879 337 950 dam
354 875 479 948 milites
495 874 591 948 fuisse
605 878 762 970 tradunt)
781 877 917 974 deligit,
934 897 1038 973 atque
1053 878 1220 966 hortatur,

255 997 410 1067 fimulats
427 992 630 1067 conscientia
646 997 785 1085 adeant,
803 997 947 1068 offerant
966 995 1162 1091 pecuniam,
1180 997 1222 1066 fi-

254 1114 337 1186 dem
353 1134 458 1210 atque
476 1113 625 1209 pericula
641 1113 876 1209 polliceantur.
923 1112 1169 1209 Exsequunrur
1185 1134 1223 1184 ut

248 1230 381 1328 jussum
402 1251 494 1304 erat:
520 1231 601 1304 dein
622 1231 785 1327 speculati
809 1234 945 1305 nonem
966 1231 1221 1318 incustoditam,

256 1353 398 1448 accepts
412 1350 537 1422 idoneal
555 1376 674 1439 manu,
699 1350 857 1422 vindum
869 1348 984 1422 clauso
1001 1374 1058 1421 ore
1074 1349 1110 1421 in
1128 1350 1222 1444 pala-

256 1469 345 1541 tium
362 1472 507 1541 traxere.
557 1468 796 1541 Percunslanti
811 1468 967 1557 Tiberi0,
991 1475 1018 1510 “
1032 1468 1224 1564 Qromodo

259 1594 287 1630 “
306 1588 466 1684 Agrippa
477 1585 723 1660 sasluseflet?”
740 1587 945 1682 respondisse
955 1585 1075 1675 fertur,
1090 1590 1224 1682 “Qro·

260 1713 287 1748 “
308 1707 414 1778 modo
430 1727 468 1777 tu
485 1704 630 1777 Caesar.''
679 1708 731 1777 Ut
747 1708 861 1777 ederet
877 1704 997 1792 socios,
1024 1702 1136 1801 subigi
1154 1730 1225 1777 non

260 1824 396 1920 potuit:
422 1850 485 1897 nec
496 1824 658 1898 Tiberius
673 1851 813 1921 poenam
825 1823 896 1921 ejus
913 1826 1027 1920 palam
1045 1822 1163 1909 ausus;
1189 1823 1225 1895 in

258 1941 381 2016 secret&
397 1944 513 2040 palatii
531 1965 625 2040 parte
642 1943 787 2016 interfici
799 1942 905 2040 juffit,
927 1941 1118 2038 corpusque
1135 1944 1227 2014 clam

259 2062 398 2136 auferri:
432 2067 464 2135 δι
492 2090 707 2160 quamquam
734 2063 833 2135 multi
861 2089 880 2134 e
907 2063 1015 2133 domo
1041 2060 1227 2155 Principis,

260 2181 460 2280 equitesque
476 2210 515 2256 ac
532 2183 714 2271 senatores,
740 2181 932 2255 sustentasse
948 2180 1086 2277 opibus,
1102 2178 1227 2276 juvisse

252 2301 404 2374 consiliis
420 2301 631 2392 dicerentur,
650 2303 743 2374 haud
760 2305 953 2399 quaesitum.

309 2422 408 2493 XLI.
434 2424 535 2493 Frus
553 2421 648 2510 anni,
678 2402 775 2493 arcus
793 2444 932 2518 propter
949 2423 1061 2494 aedem
1078 2420 1226 2509 Saturni,

263 2540 309 2611 ob
338 2560 471 2634 recepta
495 2543 589 2637 signa
617 2566 698 2611 cum
727 2542 819 2611 Varo
847 2539 979 2630 amissa,
1006 2542 1115 2613 ductu
1141 2543 1228 2612 Ger-

263 2659 402 2747 manici,
420 2656 578 2754 auspiciis
594 2659 728 2731 Tiberii
744 2688 755 2744 ;
782 2664 815 2731 δι
831 2659 922 2733 aedes
941 2660 1050 2732 Fortis
1067 2663 1230 2732 Fortunae

262 2777 421 2850 Tiberim
436 2775 541 2874 juxta
561 2777 596 2851 in
618 2777 738 2869 hortis,
762 2804 850 2874 quos
870 2776 981 2850 caesar
1000 2778 1146 2850 didator
1167 2802 1230 2873 po-

265 2898 348 2992 pulo
374 2900 538 2970 Romano
562 2898 759 2993 legaverat3
790 2897 970 2969 sacrarium
996 2896 1090 2993 genti
1113 2896 1229 2990 julite,

265 3013 461 3112 effigiesque
483 3016 568 3088 divo
586 3016 744 3113 Augusto
766 3017 859 3112 apud
876 3015 1038 3103 Bovillas,
1062 3014 1231 3087 dicantur.

265 3137 306 3207 C.
323 3134 481 3224 Caecilio,
503 3139 548 3209 L.
565 3135 762 3232 Pomponio
778 3135 986 3225 consulibua,
1006 3136 1233 3208 Germanicus

267 3252 378 3327 Caesar
397 3280 435 3327 n.
455 3281 491 3326 n.
509 3279 583 3327 v11.
617 3256 789 3327 Kalendas
806 3255 926 3348 Junias
942 3254 1171 3351 triumphavit
1188 3256 1233 3325 de

267 3373 443 3446 Cheruscis
469 3372 643 3471 Cattisque
667 3378 699 3446 &
725 3374 957 3471 Angrivariis,
987 3397 1135 3471 quaeque
1159 3371 1233 3444 aliae

270 3492 422 3567 nationes
449 3491 626 3590 usquead
653 3491 775 3564 Albim
805 3494 947 3565 colunt:
988 3493 1086 3564 vecla
1112 3490 1232 3587 spolia,

269 3611 412 3708 captivi,
447 3615 627 3686 simulacra
657 3610 845 3699 montium,
881 3612 1081 3700 fluminum,
1117 3612 1233 3708 proeli·

269 3757 393 3803 orum:
420 3733 636 3828 bellumque,
656 3730 737 3828 quia
753 3733 921 3803 conficere
939 3730 1132 3826 prohibitus
1149 3752 1234 3819 erat,

272 3876 332 3944 pro
360 3849 519 3923 confedlo
553 3849 809 3946 accipiebatur:
845 3852 993 3947 augebat
1023 3848 1234 3925 ‚intuentium

257 3967 357 4047 ⁴visus
380 3969 509 4043 eximia
531 3968 632 4066 ipsius
653 3966 793 4064 species,
819 3969 1003 4066 currusque
1023 3967 1178 4065 quinque
1194 3968 1235 4045 li-
