2986 5138
258 552 303 622 82
416 549 458 620 C.
491 548 772 620 Conunnrr
804 546 1014 618 Tncrrr

258 726 286 762 “
301 746 376 810 nos,
390 718 460 793 ·sed
479 723 500 791 sr
516 720 601 792 ratio
617 719 714 807 adsit,
742 720 838 791 silvas
856 722 889 790 δι
907 716 1026 789 saltus:
1056 738 1121 787 nec
1138 714 1232 789 enirn

257 846 284 881 “
297 837 464 911 immensa
501 840 728 911 barbarorum
767 834 874 925 scuta,
919 859 1076 907 enormes
1108 835 1232 925 hastas,

257 958 385 1030 “inter
410 979 549 1029 truncos
574 958 753 1044 arborum,
781 960 814 1027 &
839 975 938 1027 enata
961 956 1071 1027 humo
1099 946 1232 1052 virgul-

256 1084 283 1119 “
298 1099 345 1166 ta,
378 1076 520 1172 perinde
548 1074 666 1148 haberi
695 1074 804 1171 quim
832 1074 916 1171 pila,
951 1078 985 1146 δι
1015 1073 1161 1170 gladios,
1197 1078 1233 1147 δι

256 1202 282 1237 “
297 1195 460 1267 haerentin
476 1193 613 1290 corpori
635 1193 813 1289 tegmina:
845 1190 1024 1266 densarent
1042 1192 1140 1282 idus,
1170 1218 1232 1266 ora

256 1313 522 1386 “mucronibus
544 1332 760 1408 quaererent:
791 1338 862 1385 non
878 1311 1023 1385 loricam
1039 1315 1232 1402 Germano,

255 1440 368 1505 “non
402 1434 537 1530 galeam
549 1460 559 1516 ;
595 1456 638 1502 ne
666 1428 757 1502 scuta
785 1429 929 1527 quidem
958 1429 1047 1504 ferro
1079 1456 1233 1505 nervove

254 1558 283 1594 “
298 1554 446 1638 firmata,
475 1548 533 1621 sed
549 1548 723 1621 viminum
748 1568 878 1639 textus,
903 1553 961 1623 vel
980 1571 1099 1624 tenues
1126 1555 1159 1623 δι
1177 1549 1230 1624 fu-

255 1676 283 1711 “
297 1690 386 1741 caras
403 1670 518 1740 colore
547 1669 703 1742 tabulas:
738 1667 888 1763 primam
905 1690 1096 1767 utcumque
1120 1670 1231 1743 aciem

255 1795 283 1830 “
298 1787 483 1872 hastatam3
514 1786 646 1875 ceteris,
677 1787 822 1883 praeusta
836 1808 897 1860 aut
914 1788 1032 1860 brevia
1048 1790 1132 1860 tela:
1152 1786 1229 1883 jam

254 1913 281 1949 “
296 1933 433 2003 corpus,
466 1927 504 1979 ut
528 1905 601 1978 visu
629 1927 784 1997 torvum,
813 1912 846 1980 δι
871 1908 917 1979 ad
948 1908 1092 1979 brevem
1118 1906 1228 2002 impe-

253 2033 281 2071 “
296 2047 371 2099 tum
403 2026 574 2114 validum,
621 2028 665 2098 sic
698 2027 793 2098 nullo
826 2027 1011 2099 vulnerum
1042 2025 1225 2122 patientid:

253 2153 281 2190 “
297 2151 364 2219 sine
394 2148 528 2243 pudore
557 2143 692 2242 flagitii,
728 2146 796 2216 fine
828 2146 911 2217 curd
941 2144 1087 2233 dueum,
1120 2146 1228 2234 abire,

253 2265 438 2361 “fugem
470 2264 614 2361 pavidos
643 2266 814 2350 adversrs;
849 2263 936 2336 inter
962 2263 1124 2352 secunda,
1157 2291 1229 2337 non

253 2391 281 2427 “
294 2383 418 2471 divini,
449 2411 519 2456 non
548 2383 691 2455 humani
714 2381 803 2478 juris
833 2407 1015 2456 memores.
1063 2382 1099 2456 Si
1125 2384 1231 2456 taedio

253 2501 430 2573 “viarum
447 2529 486 2575 ac
504 2502 606 2574 maris
624 2505 731 2574 finem
748 2503 905 2598 cupiant,
932 2504 996 2576 hac
1013 2500 1085 2575 acie
1102 2503 1226 2598 parari:

253 2621 493 2717 “propiorem
509 2618 583 2717 jum
602 2621 740 2711 Albim,
771 2623 879 2719 quim
898 2623 1089 2695 Rhenum:
1116 2648 1229 2720 neque

253 2748 280 2784 “
296 2743 427 2813 bellum
444 2741 546 2829 ultre,
575 2740 682 2813 modb
704 2740 737 2814 se
757 2739 863 2839 patris
885 2742 1070 2839 patruique
1087 2742 1229 2840 vestigia

253 2866 280 2902 “
296 2880 525 2956 prementem,
552 2858 671 2932 iisdem
688 2860 724 2933 in
740 2860 834 2932 terris
855 2860 1024 2933 viciorem
1048 2863 1229 2935 fisterent.”

250 2980 452 3051 Orationem
469 2980 565 3051 ducis
583 2978 715 3053 secutus
740 2980 892 3053 militum
919 2983 1021 3053 ardor
1032 3010 1043 3067 ;
1074 2985 1228 3080 signum·

252 3125 321 3195 que
338 3125 465 3195 pugnae
483 3101 614 3171 datum.

301 3221 382 3291 XV.
411 3219 498 3290 Nnc
519 3223 741 3309 Annnurus,
775 3241 834 3293 ant
852 3219 953 3293 ceteri
971 3223 1227 3293 Germanorum

253 3362 411 3435 proceres
437 3336 642 3410 omittebant
667 3338 745 3412 suos
771 3339 914 3437 quisque
940 3339 1072 3411 testari:
1104 3341 1229 3411 “Hos

253 3458 360 3529 “effe
393 3460 575 3529 Romanos
607 3458 746 3531 Variani
782 3459 951 3531 exercitbs
982 3456 1225 3555 fugacissimos,

253 3583 280 3618 “
295 3576 355 3672 qui
370 3602 414 3647 ne
432 3578 563 3648 bellum
579 3580 776 3666 tolerarent,
808 3576 1008 3649 seditionem
1031 3573 1224 3650 induerint}

253 3702 280 3735 ‘⁶
295 3720 447 3790 quorum
476 3721 552 3790 pars
585 3696 705 3768 onusta
731 3696 933 3770 vulneribus
962 3718 1115 3794 tergum,
1150 3722 1229 3792 pars

253 3819 280 3853 “
295 3813 455 3884 fludibus
481 3814 687 3908 &procellis
712 3813 837 3889 fredos
860 3836 965 3905 artus,
995 3815 1130 3888 infenfis
1153 3842 1226 3887 rur-

254 3936 280 3971 “
295 3930 368 4002 sum
386 3930 552 4021 hostibus,
575 3932 723 4006 adversis
740 3932 820 4027 diis,
848 3932 1025 4032 objiciant,
1052 3936 1146 4008 nulld
1163 3936 1227 4006 bo·
