2986 5138
327 578 371 672 56
540 574 581 646 C.
613 573 881 647 Connnsrr
913 569 1115 642 Tecrrr

324 743 446 818 omiss&
476 747 583 835 caede,
611 748 762 844 praedarn
793 742 1013 827 sedantiurm
1039 737 1208 834 enisaeque
1238 734 1286 808 le⁴

327 863 459 960 giones,
499 863 747 959 vesperascente
778 863 848 952 die,
885 862 921 934 in
947 882 1062 960 aperta
1090 861 1123 931 δι
1156 855 1286 929 solida:

326 1008 438 1079 neque
467 983 493 1054 is
526 982 733 1056 miseriarum
766 983 865 1054 finis:
907 980 1106 1053 struendum
1139 977 1287 1063 vallum,

235 1110 239 1119 '
325 1101 490 1197 petendus
507 1127 636 1197 agger:
664 1101 780 1173 amissa
796 1101 921 1197 magns
938 1125 981 1171 ex
998 1117 1106 1194 parte,
1133 1120 1193 1191 per
1210 1118 1289 1189 quae

325 1217 472 1315 egeritur
499 1221 637 1306 hornus,
663 1239 720 1290 aut
749 1219 918 1291 exciditur
946 1215 1081 1314 cespes:
1118 1239 1187 1286 non
1213 1233 1288 1284 ten·

324 1336 409 1409 toria
441 1337 636 1433 manipulis,
679 1362 749 1409 non
780 1334 933 1408 fomenta
964 1333 1107 1407 sauciis:
1147 1330 1289 1405 infestos

324 1478 427 1526 coeno
452 1475 509 1527 aut
531 1480 650 1526 cruore
675 1454 770 1527 cibos
795 1454 1002 1543 dividentes,
1028 1451 1174 1525 funestas
1195 1470 1289 1523 tene·-

324 1574 415 1660 bras,
442 1577 475 1644 u
507 1592 559 1642 tot
592 1572 773 1644 hominurn
795 1571 947 1646 millibus
969 1597 1080 1644 unum
1103 1569 1178 1667 jam
1213 1568 1289 1640 reli·

325 1715 434 1787 quum
446 1691 539 1762 diem
553 1692 835 1765 lamentabantur.

373 1808 506 1882 LXVI.
532 1813 664 1882 Fourn
689 1835 799 1906 equus
823 1808 973 1905 abruptis
991 1806 1133 1880 vinculis
1162 1831 1286 1903 vagus,

325 1929 359 1998 δι
387 1928 536 2001 clamore
564 1929 715 2017 territus,
755 1926 922 2025 quosdam
944 1925 1196 2000 occurrentium
1224 1925 1288 1997 ob-

324 2047 498 2119 turbavit:
536 2068 629 2121 tanta
655 2048 736 2119 inde
763 2047 988 2120 consternatio
1015 2044 1175 2141 inrupisse
1201 2046 1289 2117 Ger-

324 2189 445 2238 manos
469 2166 696 2257 credentium,
723 2188 763 2238 ut
785 2165 899 2239 cundi
925 2184 1061 2238 ruerent
1084 2165 1129 2237 ad
1150 2182 1288 2261 portas;

324 2298 472 2381 quarum
513 2287 715 2358 Decumana
752 2284 903 2357 maxime
944 2286 1135 2379 petebatur,
1177 2279 1292 2354 aversa

323 2401 424 2489 hosti,
453 2406 485 2473 ὃ(
511 2401 721 2500 fugientibus
744 2402 862 2476 tutior.
922 2401 1073 2490 Caecina,
1111 2419 1290 2493 comperto

323 2542 447 2590 vanam
469 2522 536 2592 esse
552 2519 785 2611 formidinem,
812 2523 893 2594 ciun
908 2540 1024 2594 tamen
1044 2542 1156 2616 neque
1170 2519 1288 2589 audo-

323 2635 433 2725 ritate,
471 2654 584 2734 neque
609 2640 780 2735 precibus,
819 2666 862 2713 ne
885 2636 993 2713 'manu
1022 2638 1162 2736 quidem
1186 2633 1288 2708 obsrs-

324 2773 407 2842 tere,
446 2776 503 2826 aut
529 2757 669 2829 retinere
695 2758 839 2831 militem
872 2761 1005 2856 quiret3
1047 2754 1213 2855 projestus
1254 2754 1289 2825 in

323 2870 441 2945 limine
465 2896 587 2970 portae,
614 2876 823 2950 miseratione
845 2882 1003 2968 demum,
1030 2878 1111 2975 quia
1131 2903 1191 2974 per
1213 2900 1288 2947 cor·

324 3019 388 3088 pus
410 2994 512 3090 legati
536 2998 689 3068 eundum
714 3017 797 3087 erat,
823 2998 938 3070 claufit
960 2998 1078 3071 viam:
1107 2995 1205 3068 simul
1229 2992 1289 3066 tri-

324 3110 408 3183 buni
423 3117 454 3183 &
469 3115 683 3187 centuriones
700 3113 821 3188 salsum
835 3142 1000 3212 pavorem
1015 3119 1217 3188 docuerunt.

370 3232 519 3303 LXVII.
545 3234 659 3305 Tunc
684 3260 938 3308 cournncros
961 3235 997 3306 in
1017 3233 1197 3331 principia,
1218 3230 1289 3328 jus-

322 3347 441 3447 sosque
464 3351 556 3423 disto
579 3379 658 3424 cunr
692 3353 822 3425 srlentio
850 3353 1017 3449 accipere,
1052 3351 1217 3448 temporis
1244 3378 1286 3424 ac

321 3469 520 3540 necessitatis
552 3494 681 3545 monet.
732 3480 759 3514 “
773 3475 892 3544 Unam
921 3471 957 3542 in
994 3471 1097 3545 armis
1130 3469 1287 3557 salutern,

323 3585 422 3658 “sed
458 3613 498 3658 ea
539 3590 677 3663 consrlio
718 3588 965 3688 temperanda:
1006 3591 1288 3681 manendumque

323 3705 455 3777 “intra
488 3709 632 3797 vallum,
659 3710 771 3782 donec
808 3708 1031 3807 expugnandi
1067 3704 1178 3777 hostes
1214 3702 1286 3799 spe,

322 3823 504 3918 “propius
531 3823 771 3900 succederent:
811 3855 896 3901 mox
922 3825 1076 3922 undique
1102 3847 1285 3919 erumpen-

322 3944 349 3979 “
361 3938 469 4012 dum:
508 3941 566 4017 ills
602 3946 779 4043 eruptione
814 3948 859 4021 ad
894 3948 1061 4024 Rhenum
1094 3941 1286 4043 perveniri:
