2986 5138
463 552 769 621 Arruntium
803 546 991 620 L1n.11.
1188 567 1245 665 95¹

262 733 290 768 “
307 723 394 813 aliis,
418 751 497 821 quae
520 725 565 795 ad
589 723 744 820 requiem
768 721 890 810 animi,
916 741 976 792 aut
1001 717 1234 793 salubritatem

261 852 494 940 “corporum
524 863 708 938 parentur:
748 842 808 914 nisi
837 839 924 912 forte
952 837 1133 911 clarissimo
1159 840 1232 912 cui-

261 973 289 1008 “
307 989 377 1061 que
395 963 509 1058 plures
521 988 633 1050 curas,
658 960 789 1058 majora
802 960 955 1058 pericula
967 956 1156 1042 subeunda;
1171 960 1232 1031 de-

260 1091 287 1126 “
305 1081 491 1155 linimentis
516 1106 674 1153 curarum
707 1086 739 1153 ὃ(
777 1080 1011 1177 periculorum
1045 1062 1233 1150 carendum

260 1209 288 1244 “
307 1202 410 1274 esse.'’
460 1199 614 1271 Facilem
643 1197 822 1272 adsensum
847 1199 965 1285 Gallo,
990 1194 1054 1268 sub
1080 1197 1231 1268 nomini-

259 1322 325 1393 bus
342 1319 506 1407 honestis,
530 1318 691 1391 conseffio
709 1319 874 1391 vitiorum
909 1323 942 1390 ac
968 1314 1153 1388 similitudo
1174 1342 1234 1388 au·

258 1438 431 1512 clientium
464 1438 573 1511 dedit.
631 1436 817 1536 Adjecerat
856 1443 889 1510 &
923 1434 1099 1523 Tiberius,
1124 1442 1234 1507 “non

260 1559 341 1630 “id
364 1580 499 1654 tempus
521 1555 692 1630 censurae:
732 1582 810 1646 nec,
847 1555 979 1653 siquid
1011 1555 1047 1626 in
1079 1555 1233 1627 moribus

259 1685 289 1721 “
305 1679 448 1764 labaret,
474 1674 676 1749 defuturum
702 1674 897 1772 corrigendi
922 1676 1136 1746 amtorem?

307 1799 481 1870 XXXIV.
517 1798 639 1868 lurra
659 1822 737 1892 quae
752 1798 797 1866 L.
815 1792 891 1865 Piso
917 1793 1130 1865 “ambitum
1153 1793 1232 1887 sori,

260 1921 461 2012 “corrupta
478 1913 624 2011 judicia,
650 1912 816 1986 saevitiam
845 1933 1023 1984 oratorum
1045 1911 1232 1984 accusatio-

260 2040 364 2107 “nes
389 2034 648 2106 minitantium''
669 2034 862 2129 increpans,
893 2030 1029 2104 “abire
1045 2029 1091 2122 se,
1119 2036 1150 2103 &
1176 2058 1233 2104 ce·

260 2160 289 2196 “
306 2156 387 2226 dere
399 2155 514 2242 Urbe,
545 2154 719 2225 vidurum
748 2152 784 2223 in
810 2150 929 2248 aliquo
953 2151 1074 2223 abdito
1099 2156 1133 2223 δε
1155 2153 1232 2223 lon·

260 2279 288 2314 ‘⁴
307 2272 439 2371 ginquo
462 2273 562 2344 rure''
596 2272 802 2345 testabatur:
843 2272 942 2342 simul
971 2269 1102 2342 curiam
1130 2270 1233 2343 relin-

258 2395 399 2490 quebat.
449 2393 659 2464 Commotus
682 2391 731 2463 est
759 2390 934 2478 Tiberina,
961 2394 994 2461 ἃ
1017 2416 1233 2487 quamquam

258 2513 399 2586 mitibus
424 2513 535 2585 verbis
561 2510 721 2584 Pisonem
750 2512 990 2607 permulsrffet,
1018 2509 1234 2607 propinquos

259 2658 401 2729 quoque
419 2630 488 2728 ejus
506 2631 660 2727 impulit,
679 2652 717 2703 ut
740 2634 925 2703 abeuntem
950 2628 1148 2703 austoritate
1175 2633 1232 2704 vel

258 2751 421 2847 precibus
445 2770 611 2822 tenerent.
673 2751 783 2822 Haud
824 2748 939 2821 minus
978 2747 1076 2820 liberi
1104 2750 1232 2822 doloris

257 2870 513 2942 documentum
546 2868 641 2940 idem
662 2866 740 2940 Piso
773 2893 858 2940 mox
892 2867 1002 2956 dedit,
1039 2873 1161 2941 vocata
1196 2870 1232 2942 in

251 2986 310 3086 jus
326 2987 535 3084 Urgulania,
562 3014 667 3084 quam
691 2985 792 3083 supra
816 2988 909 3084 leges
926 2986 1077 3059 amicitia
1091 2987 1232 3085 Augus-

256 3129 301 3180 tae
329 3107 522 3179 extulerat:
560 3131 623 3180 nec
660 3128 718 3179 aut
742 3106 940 3204 Urgulania
964 3107 1231 3204 obtemperavit,

258 3227 295 3299 in
308 3228 457 3299 domum
481 3222 632 3316 Caesaris,
659 3225 769 3323 spreto
794 3225 928 3316 Pisone,
956 3229 1071 3311 νεέὶας
1096 3247 1154 3299 aut
1174 3227 1232 3299 ille

257 3345 397 3433 abstitit,
434 3371 651 3441 quamquam
674 3345 835 3443 Augusta
869 3353 895 3387 “
913 3345 946 3416 se
962 3345 1081 3417 violari
1107 3352 1140 3418 a
1164 3347 1229 3417 im-

258 3471 286 3506 “
307 3463 442 3536 minui''
476 3485 685 3561 quereretur.
735 3464 898 3537 Tiberius
921 3465 1085 3535 lradenus
1114 3464 1229 3535 indul-

259 3607 339 3680 gere
353 3582 454 3655 matri
478 3584 580 3656 civile
598 3605 701 3672 ratus,
725 3604 765 3655 ut
785 3590 813 3625 “
827 3581 859 3654 se
884 3582 1014 3654 iturum
1038 3582 1084 3653 ad
1105 3604 1229 3678 praeto-

259 3703 348 3774 “ris
381 3703 544 3792 tribunal,
585 3702 786 3776 adfuturum
824 3700 1055 3797 Urgulaniae’'
1085 3700 1229 3791 diceret,

258 3825 415 3918 processit
452 3822 594 3919 palati0,
642 3823 762 3917 procul
785 3819 881 3919 sequi
905 3818 1000 3917 jussis
1031 3818 1226 3893 militibus:

257 3938 485 4036 spedabatur,
523 3940 720 4015 occursante
744 3942 889 4036 poptrlO,
916 3943 1124 4038 compositus
1157 3965 1228 4030 ore,
