2986 5138
309 555 378 626 216
501 545 1104 640 C.Con1tat411TAc1rr

308 723 459 818 impetus
481 723 673 796 offensionis
701 726 893 820 languerat,
919 717 1087 792 memoria
1114 715 1281 790 valebat:

308 841 468 913 Pisonem
479 842 692 938 QGranius
707 840 824 915 secreti
841 838 1004 912 sermonis
1021 834 1199 924 incusavit,
1220 838 1288 908 ad⁴

308 962 448 1034 versbm
465 960 675 1056 majestatem
692 960 824 1032 habiti:
851 955 1048 1054 adjecitque
1070 963 1097 998 “
1116 954 1152 1026 in
1170 955 1286 1026 domo

310 1077 429 1175 “ejus
451 1104 626 1152 venenum
654 1081 733 1166 esse,
759 1101 910 1174 eumque
939 1075 1057 1173 gladio
1085 1072 1285 1146 accinctum

311 1201 340 1238 “
358 1197 496 1269 introire
513 1196 680 1269 curiam.”
730 1197 851 1292 Qrod,
877 1215 916 1266 ut
933 1193 1079 1266 atrocius
1096 1216 1193 1279 vero,
1211 1211 1283 1263 tra·

308 1314 473 1389 missum:
510 1336 717 1403 ceterorum,
753 1340 831 1410 quae
860 1313 968 1386 multa
1000 1311 1282 1399 cumulabantur,

310 1455 468 1529 receptus
496 1433 545 1504 est
578 1458 677 1518 reus;
718 1458 831 1529 neque
861 1434 1029 1529 peractus,
1061 1432 1109 1501 ob
1129 1448 1284 1500 mortem

310 1572 555 1648 opportunam.
605 1552 772 1623 Relatum
802 1556 835 1623 ὃ(
865 1552 910 1622 de
936 1551 1047 1621 Cassio
1072 1549 1199 1619 Severo
1219 1571 1283 1618 ex-

311 1671 396 1759 sule,
424 1669 484 1766 qui
502 1668 644 1741 sordidae
672 1669 827 1766 originis,
854 1669 1020 1740 maleficae
1046 1665 1141 1754 vitae,
1167 1663 1224 1737 sed
1243 1690 1284 1739 0-

310 1787 410 1861 randi
429 1787 578 1875 validus,
597 1813 657 1883 per
676 1787 883 1860 immodicas
907 1784 1117 1873 inimicitias,
1135 1781 1284 1878 utjudi·

312 1907 369 1980 cio
391 1905 497 2004 jurati
522 1905 654 1978 senatos
673 1908 812 1978 Cretam
840 1923 1072 1991 amoveretur,
1098 1902 1281 1974 effecerat:

311 2047 416 2124 atque
450 2025 520 2098 illic
547 2026 670 2097 eadem
692 2025 880 2114 actitando,
914 2021 1064 2096 recentia
1098 2039 1285 2116 veteraque

312 2146 394 2218 odia
425 2143 594 2217 advertit:
631 2142 796 2241 bonisque
828 2164 966 2231 exutus,
998 2139 1179 2214 interdicto
1207 2138 1283 2237 igni

312 2284 417 2361 atque
437 2265 539 2360 aqula,
566 2260 646 2334 saxo
672 2262 826 2358 Seriphio
852 2259 1042 2334 consenuit.

363 2383 482 2453 XXll.
514 2382 595 2452 Pan
629 2379 723 2451 idem
755 2399 893 2476 tempus
925 2379 1079 2453 Plautius
1109 2377 1282 2466 Silvanus,

316 2516 456 2596 praetor,
488 2497 624 2569 incertis
654 2500 759 2570 causis
796 2499 992 2594 Aproniam
1027 2496 1214 2595 conjugem
1247 2496 1284 2568 in

314 2641 468 2714 praeceps
489 2614 597 2711 jecit;
624 2615 817 2713 tractusque
841 2618 885 2688 ad
907 2616 1075 2691 Caesarem
1104 2620 1149 2689 ab
1166 2619 1212 2689 L.
1231 2620 1283 2688 A·
1371 2657 1374 2662 ·

316 2738 442 2831 proni'o
460 2734 587 2821 socero,
607 2738 742 2807 turbata
762 2757 877 2808 mente
896 2735 1083 2832 respondit,
1102 2756 1284 2831 tamquam

317 2861 344 2895 “
363 2851 432 2948 ipse
450 2850 571 2923 somno
602 2854 730 2949 gravis,
756 2876 860 2952 atque
889 2856 929 2927 eb
956 2855 1111 2951 ignarus,
1139 2858 1172 2926 δι
1194 2879 1285 2926 uxor

317 2976 482 3067 “sponte
515 2993 664 3044 mortem
692 2973 915 3069 sumpsrsset.’'
965 2976 1050 3045 Non
1083 2975 1284 3046 tunslanter

313 3090 476 3162 Tiberius
504 3091 614 3187 pergit
644 3092 678 3162 in
701 3094 861 3180 domum,
888 3092 963 3164 visit
991 3092 1192 3164 cubiculum
1208 3121 1219 3176 3
1247 3092 1284 3164 in

314 3236 384 3306 quo
403 3211 595 3280 rcluelantis
623 3216 655 3282 &
687 3209 840 3306 impulsae
870 3210 1012 3306 vestigia
1040 3213 1282 3283 cernebantur.

314 3328 437 3401 Refert
465 3330 509 3400 ad
538 3328 704 3417 senatum,
731 3328 885 3425 datisque
909 3327 1101 3424 judicibus,
1128 3330 1284 3426 Urgula-

312 3447 381 3536 nia,
408 3447 534 3517 Silvani
554 3448 644 3535 avia,
672 3448 863 3543 pugionem
886 3449 1005 3545 nepoti
1022 3449 1121 3520 misit.
1173 3448 1282 3543 Qod

314 3567 457 3662 perinde
475 3566 660 3654 creditum,
676 3572 767 3661 quasr
781 3567 948 3662 Principis
966 3568 1114 3655 monitu,
1129 3570 1175 3639 ob
1193 3568 1280 3639 ami·

311 3684 428 3755 citiam
452 3684 619 3779 Augustae
648 3710 729 3756 cum
764 3686 970 3782 Urgulania.
1023 3691 1134 3777 ReuS,
1161 3687 1281 3760 frustra

311 3820 441 3873 tentato
469 3799 571 3891 serm,
599 3828 703 3874 venas
727 3805 872 3898 praebuit
900 3804 1135 3877 exsolvendas.
1185 3810 1279 3879 Mox

310 3918 542 4009 Numantina,
570 3920 666 4017 prior
694 3948 781 3996 uxor
802 3921 886 4021 ejus,
912 3924 1069 3998 accusata
1087 3933 1113 3968 “
1132 3924 1280 4022 injecisse
