2986 5138
437 585 969 660 Aunnrruqur.lII.
1119 610 1184 687 177

221 755 410 853 “implere
437 758 567 832 velim:
599 759 685 833 mihi
713 780 828 835 autem
855 787 969 860 neque
1001 760 1185 836 honestum

220 883 248 918 “
266 877 371 965 filere,
405 902 519 975 neque
552 881 711 976 proloqui
744 880 964 976 expeditum,
998 880 1080 978 quia
1112 907 1185 953 non

222 1001 251 1037 “
270 994 392 1086 aedilis,
421 1017 481 1068 aut
498 998 664 1094 praetoris,
697 1019 756 1072 aut
784 998 930 1072 consulis
955 1020 1067 1095 partes
1087 998 1184 1091 susti7

219 1119 247 1173 5‘
265 1139 353 1186 neo:
377 1115 487 1212 majus
503 1116 635 1214 aliquid
652 1122 685 1190 δι
704 1120 867 1191 excelsrus
888 1143 910 1190 a
933 1116 1092 1214 Principe
1109 1116 1184 1214 pos-

220 1240 249 1276 “
268 1234 416 1320 tulatur;
446 1235 482 1305 &
513 1236 595 1308 cum
623 1237 714 1309 reci&
745 1236 913 1310 fastorum
948 1236 1008 1310 fibi
1042 1235 1186 1334 quisque

222 1360 249 1396 “
268 1353 415 1450 gratiam
434 1356 584 1444 trahant,
598 1355 700 1428 unius
716 1355 845 1429 invidia
862 1358 908 1430 ab
922 1355 1084 1429 omnibus
1103 1380 1184 1452 pec-

220 1479 248 1514 “
266 1491 372 1545 catur.
422 1471 521 1570 Qid
540 1474 633 1546 enim
652 1474 805 1570 primum
824 1477 1020 1572 prohibere,
1051 1479 1085 1546 &
1102 1473 1186 1570 pris·

220 1599 248 1634 “
267 1618 348 1665 cum
377 1594 421 1664 ad
451 1618 585 1666 morem
612 1594 763 1668 recidere
791 1595 997 1692 aggrediar?
1025 1595 1186 1668 villarum

221 1718 248 1754 “
266 1738 309 1784 ne
326 1712 459 1785 infinita
475 1713 593 1811 spatia,
612 1713 821 1787 familiarum
838 1738 1025 1789 numerum
1059 1718 1094 1785 &
1123 1740 1185 1786 na·

222 1839 250 1873 “
269 1832 406 1905 tiones?
436 1833 571 1930 argenti
600 1837 633 1905 &
650 1833 722 1906 auri
739 1835 904 1930 pondus?
935 1833 1023 1923 aeris,
1050 1835 1184 1907 tabula-

221 1958 248 1996 “
268 1976 417 2048 rumque
434 1952 622 2025 miracula?
655 1953 864 2050 promiscuas
881 1952 963 2025 viris
991 1956 1024 2024 δι
1048 1951 1186 2027 feminis

219 2079 247 2115 “
265 2072 402 2146 vestes?
442 2093 545 2170 atque
576 2072 635 2147 illa
663 2070 869 2146 feminarum
902 2070 1055 2170 propria,
1091 2073 1184 2168 quis,

220 2192 423 2289 “lapidum
451 2194 563 2281 causa,
594 2192 749 2289 pecunia
777 2191 899 2264 nostrae
935 2191 981 2264 ad
1013 2212 1184 2282 eruemus,

219 2319 248 2354 “
266 2332 326 2384 aut
353 2312 488 2384 hostiles
517 2331 635 2409 gentes
663 2309 968 2384 transferuntur?'’

264 2434 361 2503 LIV.
388 2438 415 2473 “
433 2432 519 2503 Nrc
539 2429 662 2529 ignoro
679 2431 716 2504 in
733 2429 901 2504 conviviis
918 2433 951 2501 δι
969 2430 1105 2505 circulis
1130 2430 1185 2505 in·

219 2558 247 2593 “
267 2549 374 2623 cusani
391 2550 466 2641 ista,
485 2557 518 2624 &
537 2551 685 2624 modum
703 2550 821 2648 posci:
848 2548 905 2624 sed
924 2554 946 2623 sr
964 2549 1040 2647 q'uis
1068 2551 1185 2648 legem

218 2677 246 2713 “
264 2669 403 2760 sanciat,
444 2697 565 2767 poenas
598 2670 752 2743 indicat:
781 2669 889 2744 iidem
922 2670 973 2743 illi
1006 2670 1184 2744 civitatem

218 2796 247 2834 “
264 2790 366 2880 verti,
383 2789 649 2888 splendidissimo
666 2790 793 2888 cuique
809 2791 957 2864 exitium
975 2791 1097 2888 parari,
1123 2816 1185 2863 ne·

216 2916 245 2953 “
264 2909 394 2983 minem
411 2909 563 2982 criminis
580 2930 757 3007 expertem
775 2909 1014 2984 clamitabunt.
1056 2909 1183 3006 Atqui,

216 3036 245 3072 ‘⁴
263 3054 307 3101 ne
335 3028 491 3126 corporis
521 3029 664 3126 quidem
706 3032 846 3102 morbos
882 3048 1027 3117 veteres,
1057 3031 1091 3100 &
1118 3028 1182 3102 diu

214 3156 243 3191 “
259 3150 391 3237 aueios,
405 3152 465 3220 nisr
484 3173 544 3244 per
559 3150 646 3222 dura
658 3152 691 3220 δι
703 3147 818 3245 aspera
833 3153 1008 3222 coerceas:
1039 3173 1180 3247 conup-

215 3275 244 3310 “
260 3287 313 3340 tus
331 3269 429 3340 simul
447 3272 480 3340 δι
497 3290 688 3365 corruptor,
706 3293 800 3366 aeger
816 3272 850 3339 δι
867 3271 1016 3366 flagrans
1032 3267 1181 3359 animus,

216 3393 244 3429 “
263 3388 356 3459 haud
395 3386 580 3460 levioribus
625 3387 787 3460 remediis
822 3386 1085 3485 restinguendus
1116 3386 1180 3475 est,

216 3633 243 3669 “
261 3646 404 3723 repertae
433 3628 540 3725 leges,
565 3646 619 3699 tot
646 3652 731 3723 quas
759 3624 859 3698 divus
887 3622 1064 3721 Augustus
1085 3623 1178 3714 tulit,

215 3753 244 3790 “
263 3746 330 3819 illae
346 3744 535 3836 oblivione,
561 3748 614 3819 hae
640 3745 755 3842 (quod
773 3743 971 3840 flagitiosrus
995 3741 1062 3836 est)
1095 3767 1179 3815 con-

215 3873 244 3908 “
263 3885 397 3963 tempto
414 3867 564 3955 abolitae,
577 3862 781 3937 securiorem
799 3864 923 3934 luxum
935 3861 1071 3934 fecere:
1097 3886 1180 3933 nam

216 3988 286 4060 “sr
313 3986 399 4060 velis
431 3987 527 4084 quod
564 3983 722 4058 nondum
759 3981 907 4054 vetitum
934 3979 1006 4073 est3
1043 3978 1178 4071 timeas,
