2986 5138
252 544 320 637 296
441 537 482 607 C.
523 535 788 605 Coranum
828 529 1032 601 Tncrrr

254 733 319 778 nus
336 707 526 779 fecundum
550 708 721 778 bonorum
744 699 890 788 civium,
917 702 950 770 &
968 696 1029 795 qui
1042 696 1162 769 eadem
1175 699 1226 772 fa·

255 827 350 898 milit
374 826 541 922 corruptis
569 823 735 910 moribus,
769 816 903 891 inlustri
937 837 1054 889 tamen
1087 814 1227 895 fortun&

256 947 368 1042 egere.

304 1066 473 1136 XXVIII.
498 1065 662 1134 Paunto
690 1057 813 1147 Fabio,
843 1060 889 1129 L.
921 1055 1060 1128 Vitellio
1076 1055 1225 1129 consuli-

257 1184 335 1270 bus,
382 1181 459 1276 post
497 1182 643 1276 longum
686 1178 889 1252 saeculorum
927 1175 1111 1265 ambitum,
1155 1177 1230 1249 avis

255 1299 407 1370 Phoenix
426 1299 461 1369 in
478 1299 678 1393 AEgyptum
694 1296 803 1386 venit,
818 1294 1034 1392 praebuitque
1050 1293 1225 1369 materiem

255 1416 454 1495 dottisfimis
476 1416 732 1513 indigenarum,
757 1420 790 1488 &
813 1414 1155 1501 Graecorum‚multa
1171 1412 1225 1486 su-

256 1561 317 1632 per
329 1561 370 1607 eo
389 1536 554 1607 miraculo
567 1534 774 1606 differendi:
801 1534 846 1606 de
871 1533 998 1631 quibus
1012 1552 1226 1630 congruunt,

258 1659 291 1725 δι
311 1654 406 1749 plura
423 1653 602 1749 ambigua,
631 1652 687 1726 sed
709 1653 853 1751 cognitu
871 1679 941 1725 non
959 1650 1117 1741 absurda,
1145 1678 1225 1748 pro-

257 1797 351 1844 mere
368 1772 464 1845 libet.
513 1774 654 1845 Sacrum
667 1772 738 1845 Soli
754 1773 789 1844 id
803 1771 943 1859 animal,
967 1776 1000 1844 &
1019 1797 1077 1843 ore
1100 1796 1140 1844 ac
1158 1770 1226 1843 dis-

257 1890 367 1962 tinelu
390 1891 575 1988 pinnarum
600 1918 621 1965 a
645 1891 762 1965 ceteris
786 1891 908 1965 avibus
928 1889 1113 1978 diversum,
1142 1915 1227 1961 con·

257 2008 419 2099 sentiunt,
446 2010 506 2108 qui
525 2011 675 2084 formam
693 2009 763 2108 ejus
784 2009 958 2082 definiere.
1008 2011 1064 2081 De
1080 2034 1227 2082 nurnero

257 2154 429 2202 annorum
469 2130 563 2202 varia
594 2132 799 2203 traduntur:
849 2128 1001 2200 maxime
1027 2129 1226 2224 vulgatum,

260 2249 531 2345 quingentorum
552 2247 717 2344 spatium:
745 2248 819 2322 sunt
833 2247 891 2345 qui
909 2246 1120 2336 adseverent,
1135 2247 1231 2320 mille

258 2366 530 2462 quadringentos
547 2367 722 2462 sexaginta
741 2394 849 2440 unum
861 2364 1022 2463 interjici;
1038 2365 1231 2464 prioresque

258 2484 353 2556 alites
370 2482 551 2559 Sesollride
568 2482 734 2578 primunr,
753 2485 829 2579 post
846 2487 1022 2574 Amaside,
1045 2485 1228 2557 dominan-

259 2603 365 2689 tibus,
380 2601 460 2671 dein
478 2600 682 2689 Ptolemae0‚
700 2601 817 2698 quiex
836 2604 1092 2677 Macedonibus
1108 2605 1229 2677 tertius

259 2720 428 2816 regnavit,
466 2719 499 2789 in
534 2718 722 2809 civitatem,
754 2723 810 2794 cui
847 2722 1045 2819 Heliopolis
1083 2750 1227 2813 nomen,

258 2839 481 2925 advolavill'e,
511 2841 621 2910 multo
639 2861 828 2913 ceterarum
847 2844 1028 2914 volucrum
1046 2843 1227 2933 comitatu,

258 2986 387 3031 novant
406 2958 529 3029 facient
544 2959 752 3031 mirantium.
802 2963 867 3031 Sed
885 2961 1067 3056 antiquitas
1086 2962 1228 3058 quidem

257 3078 425 3151 obscura:
460 3077 547 3149 inter
572 3080 800 3150 Ptolemaeuni
833 3106 872 3150 ae
905 3080 1086 3152 Tiberium
1115 3081 1229 3153 minus

258 3198 399 3271 ducenti
418 3197 671 3292 quinquaginta
688 3197 766 3268 anni
785 3196 939 3273 fuerunt:
960 3201 1052 3270 unde
1070 3202 1228 3272 nonnulli

258 3318 379 3391 fallunt
396 3321 488 3388 hunc
513 3316 731 3403 Phoenicem,
764 3344 877 3412 neque
902 3323 1058 3394 Arabum
1084 3345 1103 3391 e
1131 3319 1229 3391 terris

258 3439 447 3523 eretliddre,
467 3435 622 3530 nihilque
639 3435 848 3530 usurpaviffe
874 3464 918 3508 ex
935 3440 1001 3526 his,
1028 3465 1105 3534 quae
1128 3461 1229 3520 vetus
1261 3413 1267 3427 .

258 3556 426 3629 memoria
464 3555 637 3631 firinarit:
686 3553 844 3626 consano
888 3557 1018 3653 quippe
1057 3584 1229 3631 annorum

243 3701 416 3763 numero,
435 3675 496 3746 ubi
514 3700 607 3747 mors
625 3673 845 3769 propinquet,
863 3674 927 3745 suis
945 3676 978 3746 in
995 3677 1087 3748 terris
1101 3677 1227 3758 struere

256 3794 393 3880 nidum,
422 3792 523 3888 eique
551 3792 623 3866 vitn
642 3792 827 3888 genitalem
845 3791 1047 3884 adfundere,
1079 3820 1122 3869 ex
1157 3799 1226 3892 qud

256 3911 366 3984 fetum
384 3912 486 3984 oriri:
517 3917 549 3984 δε
574 3912 722 4018 primam
749 3912 868 3996 adulto
895 3939 1014 3997 euram
1039 3914 1224 4017 sepeliendi
