2986 5138
479 560 1009 636 AnnnrtuuLta.VI.
1157 568 1225 662 287

259 737 429 825 consulto,
452 759 497 809 ne
521 737 611 808 tussa
627 736 770 834 quidem
788 724 909 824 Urbis,
937 735 1025 809 adeo
1047 738 1228 832 publicum

260 855 441 928 confilium
467 881 661 952 numquam
689 856 787 947 adiit,
812 857 921 930 deviis
939 859 1145 953 plerumque
1173 857 1227 936 iti,

259 975 396 1057 neribus
414 974 594 1072 ambigens
611 974 757 1070 patriam
774 979 808 1048 &
824 975 1011 1050 declinans.

308 1095 407 1166 XVI.
433 1096 610 1166 Inranan
630 1119 759 1191 magna
775 1093 827 1166 vis
843 1092 1082 1167 accusatorum
1110 1094 1146 1165 in
1172 1119 1230 1168 eos

259 1214 403 1310 inrupit,
416 1213 477 1310 qui
494 1212 656 1310 pecunias
672 1211 791 1286 fenore
807 1213 1230 1302 auditabant,advcrsi1m

260 1335 376 1432 legem
401 1332 571 1405 distatotis
588 1330 739 1422 Caesaris,
758 1336 827 1428 qust
858 1339 885 1374 “
899 1333 944 1404 de
962 1334 1069 1405 modo
1086 1334 1228 1406 creden·

260 1460 289 1495 ‘⁴
308 1453 358 1541 di,
377 1451 635 1548 possidendique
651 1450 740 1524 intra
757 1451 916 1524 ltaliam’'
940 1473 1105 1538 cavetur3
1128 1451 1229 1525 omis-

258 1572 330 1646 sam
346 1572 446 1663 olim,
461 1572 542 1668 quia
559 1571 693 1667 privato
705 1569 777 1643 usui
795 1573 926 1644 bonum
940 1570 1123 1667 publicum
1136 1572 1228 1668 post.

260 1691 408 1787 ponitur.
457 1691 544 1765 Sane
571 1712 668 1763 vetus
701 1689 794 1763 Urbi
829 1688 967 1763 fenebrc
996 1691 1142 1779 malum,
1194 1695 1227 1764 δι

259 1810 467 1883 seditionum
500 1809 819 1905 discordiarumque
858 1808 1065 1881 creberrima
1104 1809 1226 1882 causa:

260 1930 373 2027 e6que
391 1929 616 2003 cohibebatur
631 1927 780 2025 antiquis
799 1953 939 2024 quoque
962 1932 995 1999 ὅτ
1022 1928 1137 2000 mimis
1154 1954 1229 2001 cor.

260 2050 369 2145 ruptis
395 2049 561 2121 moribus.
610 2050 706 2120 Nam
737 2045 849 2142 primi)
883 2047 1074 2119 duodecim
1105 2048 1230 2121 tabulis

257 2166 427 2255 fandum,
460 2174 548 2239 “ne
577 2165 653 2263 quis
679 2165 832 2239 unciario
858 2164 974 2238 fenore
1001 2165 1151 2262 amplius
1168 2192 1229 2240 ex·
1331 2259 1332 2262 Ἴ

258 2295 286 2331 “
304 2287 474 2376 erceret,’'
507 2288 588 2359 curn
614 2307 714 2358 antea
747 2303 792 2357 ex
827 2284 968 2358 libidine
1001 2285 1230 2382 locupletium

257 2406 470 2506 agitaretur:
503 2404 585 2477 dein
602 2405 780 2502 rogatione
796 2403 992 2495 tribunicia,
1020 2404 1065 2475 ad
1094 2401 1230 2476 semun-

258 2527 327 2600 cias
349 2527 513 2599 redasta:
546 2523 718 2622 postremo
736 2522 841 2596 vetita
858 2521 1014 2597 versura:
1045 2521 1231 2620 multisque

255 2646 371 2742 plebis
398 2643 485 2716 scitis
511 2642 655 2716 obviam
671 2644 760 2715 itum
777 2641 967 2732 fraudibus,
997 2667 1075 2739 quae
1103 2642 1230 2716 totiens

256 2763 424 2858 repreffae,
452 2761 552 2834 miras
576 2787 636 2859 per
651 2782 739 2835 artes
755 2761 889 2834 rursum
907 2761 1114 2835 oriebantur.
1162 2763 1229 2835 Sed

257 2900 335 2952 tunt
351 2882 530 2953 Gracchus
548 2900 686 2976 praetor,
720 2880 776 2953 cui
804 2906 844 2954 ea
876 2880 1021 2977 quaestio
1055 2901 1229 2970 evenerat,

258 2998 483 3086 multitudine
506 2997 770 3094 periclitantium
788 2999 958 3089 tubanus,
989 3001 1102 3072 retulit
1118 3003 1162 3073 ad
1179 3001 1229 3073 se·

256 3140 403 3199 natum:
435 3117 631 3214 trepidique
649 3138 760 3215 patres
785 3124 918 3215 (neque
936 3118 1029 3191 enim
1047 3118 1230 3215 quisquam

257 3237 315 3310 tali
345 3239 449 3333 culps
474 3238 623 3330 vacuus)
654 3237 793 3311 veniam
820 3263 841 3309 a
869 3236 1031 3334 Principe
1053 3238 1226 3335 petivdre:

258 3359 292 3429 ἃ
320 3356 546 3445 concedente,
574 3382 684 3429 annus
700 3355 736 3428 in
749 3356 934 3453 posterum,
952 3355 1080 3452 sexque
1096 3355 1228 3430 menses

256 3473 341 3562 dati,
367 3474 446 3570 quis
462 3473 652 3548 secunditm
670 3473 761 3572 julla
785 3475 885 3572 legis,
915 3474 1060 3548 rationes
1083 3474 1227 3549 familia,

257 3618 310 3667 res
336 3590 481 3690 quisque
506 3616 765 3693 componerent.

302 3712 557 3787 XVll.H1nc
585 3713 701 3810 inopia
732 3713 780 3786 rei
808 3714 1027 3803 nummariae,
1046 3734 1228 3791 commoto

254 3835 353 3911 simul
382 3833 541 3906 omnium
558 3859 624 3907 aere
641 3831 776 3916 alieno;
807 3836 840 3905 δι
870 3832 951 3928 quia
968 3852 1018 3904 tot
1034 3833 1219 3922 damnatis,

256 3950 423 4051 bonisque
451 3978 573 4027 eorum
607 3950 810 4043 divenditis,
842 3955 1012 4050 fignatum
1040 3972 1227 4050 argentum
