2986 5138
251 581 323 648 ²44
470 552 1038 630 CCoauarrtTacttt

253 736 281 771 “
299 734 332 803 ὅτ
351 727 421 826 ipse
439 729 553 826 stirpe,
570 735 636 804 five
652 755 722 803 una
735 735 964 802 Amazonum
980 726 1243 820 condidiss'et,”

252 847 486 922 transcendere
503 852 546 922 ad
566 875 618 939 ea,
644 850 722 946 quis
745 848 898 921 maxime
924 849 1078 922 fidebant
1099 847 1139 919 in
1169 874 1241 946 po-

254 969 378 1062 pulum
396 971 601 1042 Romanum
619 968 753 1056 officiis,
773 966 872 1040 missa
888 967 1001 1040 navali
1019 965 1136 1063 copia,
1160 992 1240 1041 nort

254 1087 363 1159 modb
388 1108 528 1160 externa
551 1089 594 1159 ad
616 1088 720 1176 bella,
737 1085 794 1159 sed
819 1112 897 1183 quae
915 1085 953 1158 in
975 1083 1073 1157 ltalia
1097 1087 1239 1159 tolera·

253 1206 401 1279 bantur:
442 1205 588 1303 “seque
614 1205 744 1302 primos
774 1207 946 1301 templum
973 1203 1067 1277 urbis
1097 1207 1240 1278 Romae

256 1332 285 1366 “
304 1326 465 1414 statuiffe,
494 1329 551 1397 M.
578 1323 701 1397 Porcio
732 1323 888 1408 consule;
916 1321 1051 1419 magnis
1082 1321 1239 1418 quidem

256 1441 370 1540 “jam
398 1444 549 1518 Romani
574 1443 696 1540 populi
711 1445 830 1527 rebus;
857 1444 1014 1514 nondum
1039 1460 1161 1514 tamen
1190 1442 1242 1516 ad

255 1569 283 1605 “
300 1562 477 1636 summum
505 1564 616 1652 elatiS,
645 1563 751 1636 stante
778 1563 892 1634 adhuc
914 1560 1044 1633 Punica
1065 1562 1169 1651 urbe,
1198 1566 1237 1636 δι

257 1683 425 1755 “validis
451 1709 511 1779 per
541 1686 658 1756 Afiam
683 1681 858 1779 regibus.”
900 1680 1009 1753 Simul
1038 1685 1065 1721 “
1079 1682 1126 1752 L.
1151 1683 1238 1758 Sul·

257 1805 285 1840 ‘⁴
303 1800 373 1872 lam
389 1802 533 1874 testem''
555 1801 765 1890 adferebant,
797 1809 823 1843 ‘⁶
843 1800 1041 1898 graviffimo
1057 1797 1092 1870 in
1109 1797 1237 1873 discri-

258 1920 397 1992 “mine
420 1921 593 1994 exercitbs
619 1925 666 1995 ob
689 1919 903 2017 asperitatem
933 1917 1070 2008 hiemis,
1105 1922 1139 1989 δι
1170 1945 1238 2015 pe·

256 2043 284 2080 “
301 2040 438 2112 nuriam
461 2041 576 2130 vestis,
600 2041 681 2113 cum
703 2040 740 2112 id
759 2043 943 2135 Smyrnam
964 2036 1001 2110 in
1022 2037 1239 2115 concionem

258 2164 285 2199 “
304 2159 497 2232 nuntiatum
530 2157 630 2249 foret,
670 2184 805 2246 omneS,
844 2158 904 2256 qui
938 2155 1132 2246 adstabant,
1169 2160 1238 2232 de·

257 2283 285 2318 “
304 2277 437 2350 traxiffe
462 2278 599 2373 corpori
622 2278 790 2374 tegmina,
820 2276 1005 2374 nostrisque
1034 2275 1239 2374 legionibus

258 2401 285 2435 “
304 2395 462 2469 misrffe.”
521 2398 573 2468 Ita
602 2397 711 2493 rogati
735 2395 934 2469 sententiam
958 2415 1083 2493 patres,
1111 2398 1238 2493 Smyr·

257 2540 352 2587 naeos
381 2516 586 2610 praetulere:
619 2514 817 2613 censuitque
834 2517 956 2590 Vibius
972 2515 1119 2606 Marsus,
1148 2524 1177 2560 “
1196 2536 1240 2591 ut

259 2640 287 2677 “
305 2635 361 2704 M.
381 2631 535 2727 Lepido,
561 2632 616 2705 cui
641 2658 680 2706 ea
699 2635 876 2730 provincia
903 2638 1104 2726 obvenerat,
1121 2634 1238 2733 'super

261 2759 493 2823 “numerum
528 2754 711 2849 legaretur,
744 2755 804 2849 qui
833 2755 955 2851 templi
984 2781 1102 2828 curam
1130 2754 1237 2829 susci·

260 2880 286 2914 “
307 2892 401 2966 peret
418 2875 451 2941 :”
483 2872 616 2966 &quia
640 2872 796 2967 Lepidus
814 2871 880 2969 ipse
897 2875 1047 2971 deligere
1072 2900 1131 2971 per
1156 2902 1237 2948 mo-

259 2991 401 3064 destiam
440 2992 625 3080 abnuebat,
667 2992 821 3064 Valerius
853 2993 960 3083 Nasu,
1001 3020 1020 3066 e
1051 2995 1237 3091 praetoriis,

259 3107 347 3183 sorte
366 3109 482 3180 miffus
500 3110 559 3181 est.

307 3231 420 3302 LVII.
448 3232 570 3301 lma
602 3256 693 3325 quae,
724 3231 784 3302 diu
815 3233 992 3324 meditato,
1030 3236 1238 3332 prolatoque
1302 3235 1304 3239 ’

258 3349 380 3446 saepius
421 3349 573 3435 confilio,
611 3351 752 3421 tandem
781 3352 894 3424 Caesar
922 3353 958 3425 iit
986 3354 1235 3449 Campaniam,

257 3469 370 3565 specie
387 3467 570 3540 dedicandi
587 3469 717 3563 templa
729 3472 822 3565 apud
839 3473 997 3568 Capuam
1021 3474 1116 3566 Jovi,
1141 3479 1239 3569 apud

258 3591 391 3663 Nolam
415 3588 589 3682 AugustO,
615 3586 673 3659 sed
695 3609 804 3660 certus
828 3594 950 3685 procul
972 3595 1072 3664 Urbe
1097 3593 1238 3689 degere.

257 3707 402 3780 Causam
440 3704 621 3792 abscessus,
657 3733 872 3804 quamquam
899 3708 1033 3783 secutus
1069 3713 1239 3807 plurimos

258 3828 440 3898 audorum
458 3826 501 3895 ad
519 3822 627 3919 Sejaui
650 3845 735 3898 artes
751 3828 861 3915 retuli,
888 3828 970 3921 quia
993 3849 1122 3919 tamen,
1141 3833 1239 3905 caede

259 3942 331 4041 ejus
360 3947 503 4040 patrata,
529 3944 587 4016 sex
614 3944 730 4040 postea
757 3973 866 4021 annos
895 3949 967 4046 pari
998 3950 1124 4023 secreto
1152 3975 1237 4024 con-
