2986 5138
263 667 1220 789 C.CORNELH

439 939 1056 1074 TACITI

370 1232 1106 1340 ANNALES.

427 1494 641 1569 LIBER
690 1495 1070 1569 SECUNDUS.
1183 1513 1185 1517 ‘

444 1814 1026 1852 --—-----

260 1998 459 2145 ΒΗΜΛ
477 2055 611 2129 Statilio
627 2056 760 2143 Tauro,
789 2055 835 2125 L.
850 2052 990 2125 Libone
1006 2052 1224 2148 Consulibus,

129 2194 134 2205 '
259 2202 355 2256 mota
381 2177 531 2252 Orientis
563 2201 683 2272 regna,
733 2171 992 2271 provinciaeque
1027 2175 1223 2267 Romanae3

258 2301 355 2374 initio
379 2296 473 2395 apud
497 2297 639 2367 Parthos
651 2313 743 2380 ort0,
768 2290 829 2388 qui
848 2290 996 2386 petitum
1013 2298 1142 2386 Roma,
1167 2326 1224 2374 ac.

259 2440 468 2515 ceptumque
490 2439 622 2512 regem,
648 2411 808 2509 quamvis
833 2410 943 2509 gentis
968 2412 1223 2508 Arsacidarum,

262 2557 301 2612 ut
328 2557 509 2609 externum
538 2532 816 2628 aspernabantur.
877 2533 910 2605 Is
945 2531 1009 2605 fuit
1046 2537 1241 2634 Vonones,

258 2656 354 2730 obses
378 2654 537 2751 Augusto
564 2653 663 2724 datus
688 2677 708 2722 a
728 2653 886 2723 Phraate.
935 2653 1032 2724 Nam
1048 2655 1222 2748 Phraates,

258 2798 472 2872 quamquam
495 2771 674 2868 depulisset
700 2769 884 2858 exercitus,
909 2768 1079 2867 ducesque
1091 2778 1224 2850 Roma-

257 2918 335 2981 nos,
370 2892 495 2963 cundia
520 2889 759 2962 venerantium
798 2889 911 2962 officia
946 2891 991 2964 ad
1023 2895 1224 2989 Augustum

258 3031 428 3095 verterat3
453 3028 657 3106 partemque
680 3009 797 3105 prolis,
832 3012 1012 3082 firmandae
1050 3012 1223 3105 amicitiae,

258 3128 415 3204 miserat:
447 3128 540 3199 haud
563 3128 705 3224 perinde
732 3127 839 3203 nostri
868 3149 978 3222 metu,
1008 3131 1116 3227 quam
1143 3134 1225 3210 fidei

257 3246 481 3347 popularium
504 3244 643 3321 diffisus.

293 3369 339 3440 ΙΙ.
364 3368 464 3438 Posr
484 3388 611 3440 ornans
623 3367 778 3440 Phraatis
802 3366 839 3439 δι
860 3368 1076 3466 sequentium
1085 3395 1223 3466 regum,

256 3488 304 3559 ob
330 3486 477 3558 internas
505 3486 629 3574 caedes,
665 3489 790 3561 vendre
821 3487 857 3559 in
889 3489 1026 3560 Urbem
1050 3488 1166 3584 legati,
1203 3517 1225 3563 a

257 3603 466 3702 primoribus
492 3605 640 3695 Parthis,
675 3606 736 3704 qui
764 3611 936 3680 Vononen
963 3605 1223 3682 vetustiffimutn

259 3724 446 3798 liberorum
474 3720 545 3823 ejus
557 3724 717 3797 accirent.
767 3724 1003 3822 Magnificum
1023 3725 1060 3797 id
1077 3726 1136 3799 srbi
1152 3753 1224 3799 cre-

256 3841 345 3917 didit
372 3840 499 3930 Caesar,
526 3841 693 3939 auxitque
718 3843 867 3940 opibus:
891 3843 929 3916 &
957 3844 1120 3940 accepere
1144 3847 1222 3917 bar-

259 3960 330 4040 bati
358 3961 523 4051 laetantes,
547 3981 587 4036 ut
606 3959 715 4035 ferme
740 3963 785 4036 ad
809 3988 902 4036 nova
925 3961 1080 4064 imperia.
1127 3968 1222 4043 Mox
