2986 5138
456 555 760 626 Arruntium
792 550 980 625 Linll.
1152 577 1217 652 ¹23

255 722 422 823 persuafio
448 722 571 795 veneni
588 748 608 794 a
623 720 750 799 Pisone,
760 719 913 817 accepti:
945 724 978 794 &
1007 718 1219 817 reperieban-

254 864 311 917 tur
327 842 398 915 solo
429 868 468 914 ac
496 841 681 939 parietibus
709 860 812 912 erutae
838 841 1073 912 humanorum
1099 865 1220 938 eorpo-

254 987 333 1037 rum
350 961 516 1059 reliquiae‚
539 959 704 1048 carmina,
731 964 764 1031 &
791 957 1005 1048 devotiones,
1028 962 1062 1030 δι
1090 985 1220 1033 nornen

149 1158 153 1165 ,
254 1080 451 1154 Germanici
469 1078 641 1175 plumbeis
672 1077 797 1150 tabulis
823 1075 1043 1174 insculptum,
1072 1076 1218 1151 semiusti

255 1203 399 1289 cineres,
422 1224 462 1271 ac
474 1199 552 1269 tabe
564 1197 675 1284 obliti,
700 1195 832 1291 aliaque
855 1196 1037 1285 maleficia,
1052 1198 1131 1293 quls
1146 1220 1218 1268 cre·

254 1318 351 1391 ditur
378 1317 508 1389 animas
537 1314 735 1388 numinibus
768 1311 906 1386 insemis
943 1312 1084 1386 sacrari:
1120 1317 1219 1387 simul

255 1436 341 1510 missi
357 1463 377 1509 a
392 1433 515 1508 Pisone
532 1433 783 1523 incusabantur,
805 1452 844 1505 ut
866 1431 1070 1505 valetudinis
1081 1432 1220 1507 adversa

255 1553 430 1627 rimantes.

303 1676 424 1748 LXX.
451 1676 511 1746 En
532 1672 886 1745 Ganunrucohaud
899 1654 1086 1761 niinirsirrl,
1110 1673 1219 1769 quim

255 1817 318 1890 per
345 1813 479 1866 metum
507 1813 670 1888 accepta3
699 1795 763 1864 “fi
798 1790 905 1865 limen
944 1793 1163 1881 obsideretur,
1196 1795 1218 1864 fi

257 1911 530 1984 “effundendus
551 1908 688 2006 spiritus
709 1909 770 1983 sub
793 1910 902 1983 oculis
928 1910 1144 1984 inimicorum
1165 1910 1218 1984 fo·

256 2035 285 2072 “
304 2048 354 2100 ret
367 2057 378 2114 ;
402 2029 488 2125 quid
514 2029 639 2100 deinde
662 2028 857 2102 miserrima
876 2027 1028 2126 conjugi,
1054 2030 1140 2127 quid
1167 2029 1219 2102 in-

255 2150 284 2191 “
300 2146 450 2220 fantibus
467 2147 579 2220 liberis
594 2152 829 2220 eventumm?
859 2150 949 2220 lenta
974 2148 1083 2221 videri
1114 2175 1218 2224 vene·

256 2273 284 2313 “
302 2267 405 2341 ficia:
434 2266 648 2340 festinare&
678 2293 811 2365 urgere,
840 2289 878 2339 ut
915 2267 1142 2364 provinciam,
1181 2290 1220 2343 ut

255 2392 285 2428 “
304 2386 456 2484 legiones
475 2385 566 2459 solus
587 2389 734 2459 habeat:
773 2384 829 2458 sed
857 2412 926 2459 non
948 2385 1055 2485 usque
1087 2388 1129 2461 eb
1158 2390 1219 2461 de·
1313 2406 1326 2488 ἢ

256 2510 284 2547 “
302 2503 432 2578 fesium
448 2505 708 2594 Germanicum,
727 2531 839 2603 neque
851 2507 992 2604 praemia
1008 2507 1220 2606 caedisapud

255 2623 552 2697 “interfectorem
587 2622 793 2698 mansura:’'
833 2627 1013 2724 componit
1045 2626 1219 2724 epistolas,

256 2749 287 2787 “
305 2744 383 2839 quls
399 2743 585 2816 amicitiam
614 2743 646 2818 ei
672 2744 925 2818 renuntiabat.''
975 2748 1123 2820 Addunt
1147 2749 1219 2843 ple-

255 2867 285 2906 “
303 2863 402 2959 rique
431 2860 562 2959 juffum
592 2864 767 2959 provincia
794 2866 961 2938 decedere
977 2868 1013 2937 :’'
1046 2890 1109 2938 nec
1141 2864 1219 2936 Piso

255 3002 407 3054 moratus
445 2983 547 3071 ultrd,
581 3007 687 3056 naves
726 2982 850 3069 solvit;
908 2985 1220 3080 moderabaturque

255 3099 380 3190 cursui,
418 3099 490 3198 qud
513 3101 652 3197 propius
674 3103 923 3200 regrederetur,
970 3105 993 3175 fi
1018 3127 1109 3175 mors
1133 3105 1220 3176 Ger·

255 3219 384 3292 manici
408 3219 539 3313 Syriam
563 3220 752 3316 aperuisset.
860 3278 862 3282 »

316 3340 451 3410 LXXI.
497 3339 641 3410 Cressa
671 3338 853 3435 paullisper
877 3341 921 3411 ad
954 3337 1048 3436 spem
1076 3341 1219 3429 eredus,

254 3455 338 3530 dein
364 3455 449 3530 sesso
481 3437 639 3554 corpore,
668 3458 729 3531 ubi
758 3458 834 3531 finis
863 3460 992 3549 aderat,
1030 3459 1220 3531 adsistentes

255 3575 385 3650 amicos
413 3575 448 3648 in
476 3578 568 3650 hunc
595 3579 742 3651 modum
774 3577 998 3675 adloquitur:
1035 3576 1117 3649 “Si
1150 3575 1220 3649 fato

256 3700 284 3737 “
302 3697 544 3787 concederem,
571 3697 684 3795 justus
702 3696 786 3768 mihi
809 3697 910 3769 dolor
932 3695 1034 3770 etiarn
1059 3697 1221 3772 adversus

255 3819 285 3856 “
303 3814 387 3887 deos
404 3817 497 3905 esset,
519 3816 615 3913 quod
628 3840 685 3887 me
698 3815 906 3911 parentibus,
933 3813 1060 3902 liberis,
1090 3814 1218 3910 patriae,

254 3938 286 3981 “
302 3930 578 4033 intrajuventam
592 3953 797 4033 praemanrro
813 3933 907 4011 exitu
923 3952 1104 4035 raperent:
1128 3959 1220 4015 nunc
