2986 5138
468 600 782 670 Arrunrruu
808 598 921 669 Lis.
947 595 1009 668 IV.
1162 619 1230 694 ²45

248 767 381 867 junxit,
418 772 626 868 plerumque
662 795 883 867 permoveor,
923 793 1008 840 num
1040 767 1085 838 ad
1118 765 1232 863 ipsum

257 888 375 963 reserri
406 890 521 963 verius
555 895 606 979 fit,
648 887 812 963 saevitiam
844 914 884 960 ac
920 885 1115 974 libidinem,
1150 887 1234 959 cbm

260 1008 359 1082 sadis
391 1029 580 1106 promeret,
617 1008 701 1080 locis
736 1009 981 1080 occultantem.
1040 1006 1146 1076 Erant
1173 1004 1233 1101 qui

258 1130 450 1218 crederent,
477 1128 513 1200 in
534 1127 704 1200 senestute
732 1125 885 1222 corporis
908 1149 1050 1220 quoque
1076 1123 1233 1196 habitum

258 1247 383 1343 pudori
411 1245 533 1319 fuisse:
562 1245 692 1342 quippe
717 1244 766 1317 illi
796 1242 1000 1340 praegracilis
1028 1246 1060 1314 &
1089 1241 1234 1314 incurva

259 1366 457 1462 proceritas,
487 1367 600 1437 nudus
625 1364 750 1460 capillo
776 1384 909 1451 vertex,
941 1360 1091 1434 ulcerosa
1115 1360 1231 1449 sacies,

257 1509 298 1557 ac
318 1486 522 1581 plerumque
535 1482 820 1556 medicaminibus
832 1480 1056 1553 interstincla:
1078 1486 1110 1554 &
1131 1483 1231 1556 Rho·

257 1602 294 1674 di
312 1601 454 1693 secreto,
482 1604 588 1675 vitare
612 1621 736 1690 coetus,
762 1601 948 1672 recondere
965 1602 1161 1695 voluptates
1178 1600 1232 1672 in·

259 1719 379 1795 subrat.
444 1721 610 1795 Traditur
645 1720 748 1792 etiam
784 1719 902 1791 matris
937 1719 1139 1815 impotentia
1170 1745 1232 1792 ex·

259 1838 402 1929 trusum,
432 1866 538 1937 quam
560 1837 805 1912 dominationis
829 1837 957 1910 sociam
974 1836 1230 1933 aspernabatur,

259 1981 373 2053 neque
394 1960 564 2055 depellere
590 1977 737 2054 poterat,
764 1957 845 2030 cum
874 1957 1151 2030 dominationem
1178 1958 1232 2054 ip-

258 2075 329 2150 sam
362 2078 497 2150 donum
529 2075 599 2174 ejus
632 2075 821 2172 accepisset.
886 2077 983 2147 Nam
1015 2076 1233 2150 dubitaverat

259 2196 439 2294 Augustus
457 2194 706 2268 Germanicum
735 2193 854 2266 sororis
878 2215 1056 2290 nepotem,
1076 2199 1109 2268 δι
1127 2219 1233 2270 cunc·

257 2314 300 2387 tis
329 2316 521 2403 laudatum,
550 2314 598 2386 rei
624 2317 796 2388 Romanae
820 2314 1021 2410 imponere:
1064 2313 1123 2387 sed
1156 2343 1232 2413 pre·

258 2433 355 2507 cibus
386 2432 502 2506 uxoris
534 2432 680 2523 evidus,
712 2433 855 2506 Tiberio
879 2433 1143 2525 Germanicum,
1171 2438 1233 2511 fibi
1338 2445 1340 2449 ’

259 2552 442 2626 Tiberium
469 2550 624 2626 adscivit.
684 2553 796 2650 quue
813 2551 972 2649 Augusta
987 2557 1233 2650 exprobrabat,

258 2670 469 2767 reposcebat.

308 2791 439 2865 LVIII.
465 2790 700 2863 Pnorncrm
727 2795 822 2864 arclo
847 2791 1013 2865 comitatu
1037 2792 1117 2866 suit:
1145 2823 1235 2871 unus

259 2906 393 2981 senator
421 2907 597 2982 consulatu
629 2908 781 2999 fundus,
818 2911 985 2985 Cocceius
1018 2915 1150 3002 Nerva,
1179 2918 1235 2988 cui

260 3030 380 3125 legum
397 3026 538 3123 peritia3
565 3052 671 3126 eques
688 3032 885 3121 Romanus,
909 3053 1031 3127 praeter
1058 3029 1233 3128 Sejanum,

260 3172 306 3223 ex
335 3146 533 3218 inlustribus
559 3146 698 3219 Curtius
717 3148 881 3221 Atticus:
907 3149 1010 3222 ceteri
1036 3149 1233 3225 liberalibus

260 3265 378 3339 studiis
403 3265 550 3362 praediti,
576 3264 684 3338 ferme
708 3266 836 3356 Graeci,
855 3294 1005 3364 quorum
1021 3267 1234 3344 sermonibus

262 3387 441 3458 levaretur.
490 3386 660 3459 Ferebant
684 3384 782 3481 periti
812 3387 1013 3476 caelestium,
1040 3393 1068 3428 “
1092 3386 1132 3460 iis
1156 3413 1235 3461 mo·

261 3505 399 3578 “tibus
431 3507 579 3577 siderum
611 3504 781 3577 excessisse
816 3507 934 3578 Romal
960 3491 1158 3597 Tiberium,
1192 3527 1233 3582 ut

261 3625 436 3698 “reditus
459 3623 508 3695 illi
532 3644 712 3721 negaretur
725 3626 759 3696 :''
784 3625 878 3696 unde
899 3623 994 3697 exitii
1020 3625 1118 3698 causa
1140 3629 1232 3699 mul-

159 3752 163 3767 “
260 3743 304 3817 tis
320 3743 399 3832 fuit,
426 3769 610 3840 properum
633 3744 739 3815 finem
755 3743 833 3815 vitae
850 3740 1132 3839 conjeclantibus,
1155 3749 1234 3819 vul.

262 3862 510 3961 gantibusque:
534 3887 647 3960 neque
664 3861 756 3934 enim
774 3881 845 3934 tam
862 3861 1102 3936 incredibilem
1118 3863 1234 3941 casum

264 3981 511 4080 providebant,
555 4003 592 4057 ut
622 3981 783 4056 undecim
813 4006 873 4078 per
899 4005 1008 4056 annos
1031 3981 1142 4058 libens
1172 4010 1234 4086 pa.

688 4102 726 4175 R
752 4124 772 4198 a
