<?xml version="1.0" encoding="UTF-8"?>
<!DOCTYPE html PUBLIC "-//W3C//DTD XHTML 1.0 Transitional//EN"
    "http://www.w3.org/TR/xhtml1/DTD/xhtml1-transitional.dtd">
<html xmlns="http://www.w3.org/1999/xhtml" xml:lang="en" lang="en">
 <head>
  <title>
</title>
<meta http-equiv="Content-Type" content="text/html;charset=utf-8" />
  <meta name='ocr-system' content='tesseract 3.04.00' />
  <meta name='ocr-capabilities' content='ocr_page ocr_carea ocr_par ocr_line ocrx_word'/>
</head>
<body>
  <div class='ocr_page' id='page_1' title='image "./ccorneliitaciti03ernegoog_0020.png"; bbox 0 0 2986 5138; ppageno 0'>
   <div class='ocr_carea' id='block_1_1' title="bbox 255 520 1275 4008">
    <p class='ocr_par' dir='ltr' id='par_1_1' title="bbox 255 520 1231 1378">
     <span class='ocr_line' id='line_1_1' title="bbox 1180 520 1230 595; baseline 0.02 -1"><span class='ocrx_word' id='word_1_1' title='bbox 1180 520 1230 595; x_wconf 85' lang='lat' dir='ltr'>vii</span> 
     </span>
     <span class='ocr_line' id='line_1_2' title="bbox 256 685 1227 781; baseline 0.003 -20"><span class='ocrx_word' id='word_1_2' title='bbox 256 685 438 781; x_wconf 86' lang='lat' dir='ltr'>Ryckium</span> <span class='ocrx_word' id='word_1_3' title='bbox 455 685 486 758; x_wconf 91' lang='lat' dir='ltr'>ei</span> <span class='ocrx_word' id='word_1_4' title='bbox 503 685 605 761; x_wconf 89' lang='lat' dir='ltr'>nimis</span> <span class='ocrx_word' id='word_1_5' title='bbox 631 685 794 761; x_wconf 85' lang='lat' dir='ltr'>tribuille.</span> <span class='ocrx_word' id='word_1_6' title='bbox 838 688 1006 761; x_wconf 84' lang='lat' dir='ltr'>Cetemm</span> <span class='ocrx_word' id='word_1_7' title='bbox 1033 685 1227 764; x_wconf 89' lang='lat' dir='ltr'>observavi-</span> 
     </span>
     <span class='ocr_line' id='line_1_3' title="bbox 255 804 1226 906; baseline 0.005 -29"><span class='ocrx_word' id='word_1_8' title='bbox 255 831 348 894; x_wconf 88' lang='lat' dir='ltr'><strong>mus,</strong></span> <span class='ocrx_word' id='word_1_9' title='bbox 374 830 455 878; x_wconf 90' lang='lat' dir='ltr'>eum</span> <span class='ocrx_word' id='word_1_10' title='bbox 476 804 513 877; x_wconf 92' lang='lat' dir='ltr'>in</span> <span class='ocrx_word' id='word_1_11' title='bbox 531 807 766 880; x_wconf 88' lang='lat' dir='ltr'>Historiarum</span> <span class='ocrx_word' id='word_1_12' title='bbox 778 806 888 897; x_wconf 90' lang='lat' dir='ltr'>libris,</span> <span class='ocrx_word' id='word_1_13' title='bbox 914 805 1097 904; x_wconf 79' lang='lat' dir='ltr'>praesertim</span> <span class='ocrx_word' id='word_1_14' title='bbox 1115 810 1226 906; x_wconf 90' lang='lat' dir='ltr'>poste·</span> 
     </span>
     <span class='ocr_line' id='line_1_4' title="bbox 256 922 1231 1021; baseline 0.007 -27"><span class='ocrx_word' id='word_1_15' title='bbox 256 922 417 1013; x_wconf 89' lang='lat' dir='ltr'>rioribus,</span> <span class='ocrx_word' id='word_1_16' title='bbox 444 924 528 997; x_wconf 91' lang='lat' dir='ltr'>mire</span> <span class='ocrx_word' id='word_1_17' title='bbox 554 924 744 998; x_wconf 87' lang='lat' dir='ltr'>consentire</span> <span class='ocrx_word' id='word_1_18' title='bbox 765 952 846 999; x_wconf 90' lang='lat' dir='ltr'>cum</span> <span class='ocrx_word' id='word_1_19' title='bbox 870 925 1019 999; x_wconf 87' lang='lat' dir='ltr'>editione</span> <span class='ocrx_word' id='word_1_20' title='bbox 1036 925 1161 1021; x_wconf 87' lang='lat' dir='ltr'>prima,</span> <span class='ocrx_word' id='word_1_21' title='bbox 1189 947 1231 1002; x_wconf 91' lang='lat' dir='ltr'>ut</span> 
     </span>
     <span class='ocr_line' id='line_1_5' title="bbox 258 1043 1231 1119; baseline 0.006 -6"><span class='ocrx_word' id='word_1_22' title='bbox 258 1061 348 1114; x_wconf 87' lang='lat' dir='ltr'>notae</span> <span class='ocrx_word' id='word_1_23' title='bbox 365 1043 486 1115; x_wconf 85' lang='lat' dir='ltr'>nosttae</span> <span class='ocrx_word' id='word_1_24' title='bbox 503 1045 547 1116; x_wconf 91' lang='lat' dir='ltr'>ad</span> <span class='ocrx_word' id='word_1_25' title='bbox 565 1045 640 1116; x_wconf 93' lang='lat' dir='ltr'>illos</span> <span class='ocrx_word' id='word_1_26' title='bbox 658 1044 762 1117; x_wconf 84' lang='lat' dir='ltr'>libros</span> <span class='ocrx_word' id='word_1_27' title='bbox 778 1044 966 1118; x_wconf 88' lang='lat' dir='ltr'>docebunt.</span> <span class='ocrx_word' id='word_1_28' title='bbox 1017 1047 1071 1118; x_wconf 85' lang='lat' dir='ltr'>Eo</span> <span class='ocrx_word' id='word_1_29' title='bbox 1088 1044 1165 1118; x_wconf 89' lang='lat' dir='ltr'>usus</span> <span class='ocrx_word' id='word_1_30' title='bbox 1180 1046 1231 1119; x_wconf 88' lang='lat' dir='ltr'>est</span> 
     </span>
     <span class='ocr_line' id='line_1_6' title="bbox 259 1161 1230 1260; baseline 0.005 -27"><span class='ocrx_word' id='word_1_31' title='bbox 259 1161 363 1234; x_wconf 85' lang='lat' dir='ltr'>etiam</span> <span class='ocrx_word' id='word_1_32' title='bbox 388 1162 471 1235; x_wconf 88' lang='lat' dir='ltr'><strong>Nic.</strong></span> <span class='ocrx_word' id='word_1_33' title='bbox 497 1163 660 1236; x_wconf 71' lang='lat' dir='ltr'>Heinsius</span> <span class='ocrx_word' id='word_1_34' title='bbox 688 1162 748 1259; x_wconf 91' lang='lat' dir='ltr'>qui</span> <span class='ocrx_word' id='word_1_35' title='bbox 773 1161 844 1259; x_wconf 85' lang='lat' dir='ltr'>ejus</span> <span class='ocrx_word' id='word_1_36' title='bbox 868 1163 1031 1236; x_wconf 78' lang='lat' dir='ltr'>lectiones</span> <span class='ocrx_word' id='word_1_37' title='bbox 1054 1161 1230 1260; x_wconf 86' lang='lat' dir='ltr'>saepisfime</span> 
     </span>
     <span class='ocr_line' id='line_1_7' title="bbox 260 1279 825 1378; baseline 0.004 -27"><span class='ocrx_word' id='word_1_38' title='bbox 260 1279 369 1352; x_wconf 84' lang='lat' dir='ltr'>adfert</span> <span class='ocrx_word' id='word_1_39' title='bbox 383 1309 394 1366; x_wconf 91' lang='lat'>;</span> <span class='ocrx_word' id='word_1_40' title='bbox 423 1304 488 1354; x_wconf 92' lang='lat' dir='ltr'>nec</span> <span class='ocrx_word' id='word_1_41' title='bbox 505 1307 628 1378; x_wconf 88' lang='lat' dir='ltr'>parum</span> <span class='ocrx_word' id='word_1_42' title='bbox 644 1282 676 1354; x_wconf 89' lang='lat' dir='ltr'>ei</span> <span class='ocrx_word' id='word_1_43' title='bbox 693 1281 825 1355; x_wconf 87' lang='lat' dir='ltr'>tribuit.</span> 
     </span>
    </p>

    <p class='ocr_par' dir='ltr' id='par_1_2' title="bbox 259 1398 1242 3166">
     <span class='ocr_line' id='line_1_8' title="bbox 308 1398 1234 1495; baseline 0 -23"><span class='ocrx_word' id='word_1_44' title='bbox 308 1398 408 1472; x_wconf 87' lang='lat' dir='ltr'><strong>Idem</strong></span> <span class='ocrx_word' id='word_1_45' title='bbox 436 1401 595 1495; x_wconf 91' lang='lat' dir='ltr'>Ryckius</span> <span class='ocrx_word' id='word_1_46' title='bbox 617 1400 719 1473; x_wconf 88' lang='lat' dir='ltr'>etiam</span> <span class='ocrx_word' id='word_1_47' title='bbox 741 1399 818 1474; x_wconf 91' lang='lat' dir='ltr'>usus</span> <span class='ocrx_word' id='word_1_48' title='bbox 841 1399 889 1474; x_wconf 86' lang='lat' dir='ltr'>est</span> <span class='ocrx_word' id='word_1_49' title='bbox 912 1399 1031 1472; x_wconf 86' lang='lat' dir='ltr'>Codicis</span> <span class='ocrx_word' id='word_1_50' title='bbox 1055 1400 1234 1494; x_wconf 82' lang='lat' dir='ltr'>Paristensts</span> 
     </span>
     <span class='ocr_line' id='line_1_9' title="bbox 260 1519 1234 1617; baseline 0.002 -25"><span class='ocrx_word' id='word_1_51' title='bbox 260 1519 443 1617; x_wconf 86' lang='lat' dir='ltr'>excerptis,</span> <span class='ocrx_word' id='word_1_52' title='bbox 477 1546 497 1592; x_wconf 89' lang='lat' dir='ltr'>a</span> <span class='ocrx_word' id='word_1_53' title='bbox 521 1522 654 1592; x_wconf 89' lang='lat' dir='ltr'>Melch.</span> <span class='ocrx_word' id='word_1_54' title='bbox 675 1519 896 1593; x_wconf 87' lang='lat' dir='ltr'>Thevenotio</span> <span class='ocrx_word' id='word_1_55' title='bbox 923 1519 1095 1616; x_wconf 88' lang='lat' dir='ltr'>acceptis:</span> <span class='ocrx_word' id='word_1_56' title='bbox 1127 1546 1234 1617; x_wconf 93' lang='lat' dir='ltr'>quem</span> 
     </span>
     <span class='ocr_line' id='line_1_10' title="bbox 259 1637 1235 1737; baseline 0.001 -25"><span class='ocrx_word' id='word_1_57' title='bbox 259 1638 321 1712; x_wconf 90' lang='lat' dir='ltr'>ille</span> <span class='ocrx_word' id='word_1_58' title='bbox 337 1640 470 1735; x_wconf 81' lang='lat' dir='ltr'>Regium</span> <span class='ocrx_word' id='word_1_59' title='bbox 493 1658 617 1712; x_wconf 89' lang='lat' dir='ltr'>vocat:</span> <span class='ocrx_word' id='word_1_60' title='bbox 644 1637 702 1712; x_wconf 90' lang='lat' dir='ltr'>sed</span> <span class='ocrx_word' id='word_1_61' title='bbox 720 1639 755 1711; x_wconf 93' lang='lat' dir='ltr'>in</span> <span class='ocrx_word' id='word_1_62' title='bbox 773 1639 861 1712; x_wconf 94' lang='lat' dir='ltr'>notis</span> <span class='ocrx_word' id='word_1_63' title='bbox 885 1664 960 1711; x_wconf 84' lang='lat' dir='ltr'>raro</span> <span class='ocrx_word' id='word_1_64' title='bbox 986 1639 1147 1712; x_wconf 64' lang='lat' dir='ltr'>lediones</span> <span class='ocrx_word' id='word_1_65' title='bbox 1163 1638 1235 1737; x_wconf 84' lang='lat' dir='ltr'>ejus</span> 
     </span>
     <span class='ocr_line' id='line_1_11' title="bbox 260 1756 1235 1855; baseline 0.003 -25"><span class='ocrx_word' id='word_1_66' title='bbox 260 1779 527 1831; x_wconf 87' lang='lat' dir='ltr'>commemorat.</span> <span class='ocrx_word' id='word_1_67' title='bbox 577 1762 696 1855; x_wconf 87' lang='lat' dir='ltr'>Atque</span> <span class='ocrx_word' id='word_1_68' title='bbox 724 1756 793 1854; x_wconf 86' lang='lat' dir='ltr'>ipse</span> <span class='ocrx_word' id='word_1_69' title='bbox 827 1759 872 1830; x_wconf 89' lang='lat' dir='ltr'>de</span> <span class='ocrx_word' id='word_1_70' title='bbox 902 1783 945 1830; x_wconf 91' lang='lat' dir='ltr'>eo</span> <span class='ocrx_word' id='word_1_71' title='bbox 971 1760 1014 1831; x_wconf 89' lang='lat' dir='ltr'>fic</span> <span class='ocrx_word' id='word_1_72' title='bbox 1041 1757 1167 1847; x_wconf 90' lang='lat' dir='ltr'>statuit,</span> <span class='ocrx_word' id='word_1_73' title='bbox 1194 1776 1235 1833; x_wconf 93' lang='lat' dir='ltr'>ut</span> 
     </span>
     <span class='ocr_line' id='line_1_12' title="bbox 263 1876 1237 1975; baseline -0.001 -25"><span class='ocrx_word' id='word_1_74' title='bbox 263 1903 307 1951; x_wconf 93' lang='lat' dir='ltr'>ne</span> <span class='ocrx_word' id='word_1_75' title='bbox 324 1904 405 1951; x_wconf 90' lang='lat' dir='ltr'>cum</span> <span class='ocrx_word' id='word_1_76' title='bbox 418 1877 478 1951; x_wconf 92' lang='lat' dir='ltr'>suo</span> <span class='ocrx_word' id='word_1_77' title='bbox 491 1877 649 1975; x_wconf 90' lang='lat' dir='ltr'>quidem,</span> <span class='ocrx_word' id='word_1_78' title='bbox 668 1879 798 1949; x_wconf 90' lang='lat' dir='ltr'>nedum</span> <span class='ocrx_word' id='word_1_79' title='bbox 811 1880 891 1950; x_wconf 92' lang='lat' dir='ltr'>cum</span> <span class='ocrx_word' id='word_1_80' title='bbox 907 1876 1120 1966; x_wconf 88' lang='lat' dir='ltr'>Florentin0,</span> <span class='ocrx_word' id='word_1_81' title='bbox 1138 1901 1237 1949; x_wconf 91' lang='lat' dir='ltr'>com·</span> 
     </span>
     <span class='ocr_line' id='line_1_13' title="bbox 266 1994 1237 2094; baseline -0.003 -24"><span class='ocrx_word' id='word_1_82' title='bbox 266 2017 372 2094; x_wconf 86' lang='lat' dir='ltr'>paret.</span> <span class='ocrx_word' id='word_1_83' title='bbox 422 1995 540 2094; x_wconf 86' lang='lat' dir='ltr'>Hujus</span> <span class='ocrx_word' id='word_1_84' title='bbox 556 1996 698 2069; x_wconf 91' lang='lat' dir='ltr'>Codicis</span> <span class='ocrx_word' id='word_1_85' title='bbox 716 1994 959 2093; x_wconf 74' lang='lat' dir='ltr'>lectionesjam</span> <span class='ocrx_word' id='word_1_86' title='bbox 973 1995 1157 2093; x_wconf 86' lang='lat' dir='ltr'>diligenter</span> <span class='ocrx_word' id='word_1_87' title='bbox 1173 2020 1237 2068; x_wconf 89' lang='lat' dir='ltr'>no-</span> 
     </span>
     <span class='ocr_line' id='line_1_14' title="bbox 262 2113 1238 2210; baseline -0.001 -22"><span class='ocrx_word' id='word_1_88' title='bbox 262 2137 348 2190; x_wconf 92' lang='lat' dir='ltr'>tatas</span> <span class='ocrx_word' id='word_1_89' title='bbox 364 2117 531 2189; x_wconf 86' lang='lat' dir='ltr'>habemus</span> <span class='ocrx_word' id='word_1_90' title='bbox 556 2118 600 2189; x_wconf 94' lang='lat' dir='ltr'>ab</span> <span class='ocrx_word' id='word_1_91' title='bbox 627 2115 755 2188; x_wconf 89' lang='lat' dir='ltr'>editore</span> <span class='ocrx_word' id='word_1_92' title='bbox 782 2115 949 2189; x_wconf 89' lang='lat' dir='ltr'>libromm</span> <span class='ocrx_word' id='word_1_93' title='bbox 967 2113 1081 2188; x_wconf 85' lang='lat' dir='ltr'>Taciti</span> <span class='ocrx_word' id='word_1_94' title='bbox 1104 2138 1238 2210; x_wconf 86' lang='lat' dir='ltr'>nupero</span> 
     </span>
     <span class='ocr_line' id='line_1_15' title="bbox 263 2223 1238 2332; baseline 0 -24"><span class='ocrx_word' id='word_1_95' title='bbox 263 2235 421 2308; x_wconf 89' lang='lat' dir='ltr'>Brotetio</span> <span class='ocrx_word' id='word_1_96' title='bbox 438 2238 481 2309; x_wconf 88' lang='lat' dir='ltr'>V.</span> <span class='ocrx_word' id='word_1_97' title='bbox 498 2223 540 2309; x_wconf 89' lang='lat' dir='ltr'>C.</span> <span class='ocrx_word' id='word_1_98' title='bbox 565 2235 723 2332; x_wconf 83' lang='lat' dir='ltr'>quicum</span> <span class='ocrx_word' id='word_1_99' title='bbox 744 2237 960 2309; x_wconf 86' lang='lat' dir='ltr'>chartaceum</span> <span class='ocrx_word' id='word_1_100' title='bbox 977 2235 1044 2308; x_wconf 85' lang='lat' dir='ltr'>else</span> <span class='ocrx_word' id='word_1_101' title='bbox 1060 2232 1178 2322; x_wconf 89' lang='lat' dir='ltr'>tradit,</span> <span class='ocrx_word' id='word_1_102' title='bbox 1202 2237 1238 2308; x_wconf 71' lang='grc' dir='ltr'>ὅτ</span> 
     </span>
     <span class='ocr_line' id='line_1_16' title="bbox 266 2352 1238 2451; baseline -0.003 -23"><span class='ocrx_word' id='word_1_103' title='bbox 266 2354 328 2429; x_wconf 85' lang='lat' dir='ltr'>sub</span> <span class='ocrx_word' id='word_1_104' title='bbox 344 2357 451 2443; x_wconf 87' lang='lat' dir='ltr'>finem</span> <span class='ocrx_word' id='word_1_105' title='bbox 468 2352 571 2427; x_wconf 88' lang='lat' dir='ltr'>seculi</span> <span class='ocrx_word' id='word_1_106' title='bbox 587 2353 824 2451; x_wconf 91' lang='lat' dir='ltr'>quintidecimi</span> <span class='ocrx_word' id='word_1_107' title='bbox 841 2354 1026 2451; x_wconf 85' lang='lat' dir='ltr'>scriptum:</span> <span class='ocrx_word' id='word_1_108' title='bbox 1055 2375 1126 2448; x_wconf 93' lang='lat' dir='ltr'>quo</span> <span class='ocrx_word' id='word_1_109' title='bbox 1149 2371 1238 2425; x_wconf 89' lang='lat' dir='ltr'>tem·</span> 
     </span>
     <span class='ocr_line' id='line_1_17' title="bbox 267 2471 1238 2572; baseline 0.002 -26"><span class='ocrx_word' id='word_1_110' title='bbox 267 2500 352 2572; x_wconf 89' lang='lat' dir='ltr'>pore</span> <span class='ocrx_word' id='word_1_111' title='bbox 373 2500 455 2547; x_wconf 90' lang='lat' dir='ltr'>cum</span> <span class='ocrx_word' id='word_1_112' title='bbox 474 2471 549 2569; x_wconf 84' lang='lat' dir='ltr'>jam</span> <span class='ocrx_word' id='word_1_113' title='bbox 565 2472 649 2546; x_wconf 92' lang='lat' dir='ltr'>editi</span> <span class='ocrx_word' id='word_1_114' title='bbox 665 2472 778 2545; x_wconf 89' lang='lat' dir='ltr'>Taciti</span> <span class='ocrx_word' id='word_1_115' title='bbox 803 2473 881 2545; x_wconf 90' lang='lat' dir='ltr'>libri</span> <span class='ocrx_word' id='word_1_116' title='bbox 904 2473 1010 2546; x_wconf 85' lang='lat' dir='ltr'>elsent</span> <span class='ocrx_word' id='word_1_117' title='bbox 1027 2472 1177 2545; x_wconf 80' lang='lat' dir='ltr'>Venetiis</span> <span class='ocrx_word' id='word_1_118' title='bbox 1202 2478 1238 2548; x_wconf 87' lang='lat'>&amp;</span> 
     </span>
     <span class='ocr_line' id='line_1_18' title="bbox 267 2589 1240 2688; baseline 0 -21"><span class='ocrx_word' id='word_1_119' title='bbox 267 2593 476 2683; x_wconf 87' lang='lat' dir='ltr'>Mediolani,</span> <span class='ocrx_word' id='word_1_120' title='bbox 490 2593 580 2666; x_wconf 90' lang='lat' dir='ltr'>etali</span> <span class='ocrx_word' id='word_1_121' title='bbox 594 2592 757 2688; x_wconf 87' lang='lat' dir='ltr'>exemplo</span> <span class='ocrx_word' id='word_1_122' title='bbox 773 2589 902 2664; x_wconf 88' lang='lat' dir='ltr'>sumtus</span> <span class='ocrx_word' id='word_1_123' title='bbox 913 2592 981 2663; x_wconf 87' lang='lat' dir='ltr'>effe</span> <span class='ocrx_word' id='word_1_124' title='bbox 993 2590 1116 2688; x_wconf 86' lang='lat' dir='ltr'>potest.</span> <span class='ocrx_word' id='word_1_125' title='bbox 1147 2592 1240 2667; x_wconf 90' lang='lat' dir='ltr'>Illud</span> 
     </span>
     <span class='ocr_line' id='line_1_19' title="bbox 267 2711 1239 2810; baseline -0.001 -24"><span class='ocrx_word' id='word_1_126' title='bbox 267 2738 381 2809; x_wconf 86' lang='lat' dir='ltr'>operae</span> <span class='ocrx_word' id='word_1_127' title='bbox 413 2712 564 2810; x_wconf 90' lang='lat' dir='ltr'>pretium</span> <span class='ocrx_word' id='word_1_128' title='bbox 592 2712 642 2785; x_wconf 90' lang='lat' dir='ltr'>est</span> <span class='ocrx_word' id='word_1_129' title='bbox 668 2734 824 2800; x_wconf 90' lang='lat' dir='ltr'>monere,</span> <span class='ocrx_word' id='word_1_130' title='bbox 847 2711 940 2784; x_wconf 91' lang='lat' dir='ltr'>hunc</span> <span class='ocrx_word' id='word_1_131' title='bbox 964 2711 1132 2785; x_wconf 92' lang='lat' dir='ltr'>Codicem</span> <span class='ocrx_word' id='word_1_132' title='bbox 1154 2738 1239 2785; x_wconf 90' lang='lat' dir='ltr'>con·</span> 
     </span>
     <span class='ocr_line' id='line_1_20' title="bbox 267 2830 1240 2931; baseline 0 -26"><span class='ocrx_word' id='word_1_133' title='bbox 267 2831 368 2905; x_wconf 87' lang='lat' dir='ltr'>fundi</span> <span class='ocrx_word' id='word_1_134' title='bbox 395 2858 475 2905; x_wconf 89' lang='lat' dir='ltr'>cum</span> <span class='ocrx_word' id='word_1_135' title='bbox 503 2831 650 2904; x_wconf 86' lang='lat' dir='ltr'>Budensr</span> <span class='ocrx_word' id='word_1_136' title='bbox 678 2857 699 2903; x_wconf 95' lang='lat' dir='ltr'>a</span> <span class='ocrx_word' id='word_1_137' title='bbox 721 2832 756 2924; x_wconf 90' lang='lat' dir='ltr'>J.</span> <span class='ocrx_word' id='word_1_138' title='bbox 773 2830 954 2902; x_wconf 90' lang='lat' dir='ltr'>Gronovio</span> <span class='ocrx_word' id='word_1_139' title='bbox 981 2831 1025 2903; x_wconf 88' lang='lat' dir='ltr'>ad</span> <span class='ocrx_word' id='word_1_140' title='bbox 1047 2834 1093 2903; x_wconf 84' lang='lat' dir='ltr'>A.</span> <span class='ocrx_word' id='word_1_141' title='bbox 1111 2833 1159 2920; x_wconf 91' lang='lat' dir='ltr'>V,</span> <span class='ocrx_word' id='word_1_142' title='bbox 1182 2856 1240 2931; x_wconf 80' lang='lat'>23.</span> 
     </span>
     <span class='ocr_line' id='line_1_21' title="bbox 270 2949 1242 3048; baseline -0.003 -23"><span class='ocrx_word' id='word_1_143' title='bbox 270 2952 326 3026; x_wconf 89' lang='lat' dir='ltr'>cui</span> <span class='ocrx_word' id='word_1_144' title='bbox 341 2952 529 3025; x_wconf 79' lang='lat' dir='ltr'>confusioni</span> <span class='ocrx_word' id='word_1_145' title='bbox 547 2954 664 3024; x_wconf 93' lang='lat' dir='ltr'>locum</span> <span class='ocrx_word' id='word_1_146' title='bbox 682 2949 781 3023; x_wconf 90' lang='lat' dir='ltr'>dedit</span> <span class='ocrx_word' id='word_1_147' title='bbox 798 2950 1002 3039; x_wconf 86' lang='lat' dir='ltr'>Rhenanus,</span> <span class='ocrx_word' id='word_1_148' title='bbox 1027 2949 1088 3048; x_wconf 90' lang='lat' dir='ltr'>qui</span> <span class='ocrx_word' id='word_1_149' title='bbox 1103 2951 1242 3025; x_wconf 86' lang='lat' dir='ltr'>Buden-</span> 
     </span>
     <span class='ocr_line' id='line_1_22' title="bbox 270 3070 1242 3166; baseline -0.005 -22"><span class='ocrx_word' id='word_1_150' title='bbox 270 3071 342 3145; x_wconf 91' lang='lat' dir='ltr'>sem</span> <span class='ocrx_word' id='word_1_151' title='bbox 359 3072 488 3144; x_wconf 86' lang='lat' dir='ltr'>librum</span> <span class='ocrx_word' id='word_1_152' title='bbox 504 3070 679 3144; x_wconf 87' lang='lat' dir='ltr'>interdum</span> <span class='ocrx_word' id='word_1_153' title='bbox 698 3070 830 3166; x_wconf 82' lang='lat' dir='ltr'>Regium</span> <span class='ocrx_word' id='word_1_154' title='bbox 847 3088 980 3142; x_wconf 75' lang='lat' dir='ltr'>vocat·</span> <span class='ocrx_word' id='word_1_155' title='bbox 1236 3076 1242 3085; x_wconf 85' lang='lat'><strong><em>&#39;</em></strong></span> 
     </span>
    </p>

    <p class='ocr_par' dir='ltr' id='par_1_3' title="bbox 273 3189 1275 4008">
     <span class='ocr_line' id='line_1_23' title="bbox 319 3189 1242 3284; baseline -0.001 -21"><span class='ocrx_word' id='word_1_156' title='bbox 319 3189 517 3280; x_wconf 85' lang='lat' dir='ltr'>Gronoviis‚</span> <span class='ocrx_word' id='word_1_157' title='bbox 546 3191 680 3284; x_wconf 90' lang='lat' dir='ltr'>Jacobo</span> <span class='ocrx_word' id='word_1_158' title='bbox 706 3194 740 3261; x_wconf 75' lang='grc' dir='ltr'>δε</span> <span class='ocrx_word' id='word_1_159' title='bbox 765 3190 981 3277; x_wconf 87' lang='lat' dir='ltr'>Abrahamo,</span> <span class='ocrx_word' id='word_1_160' title='bbox 1007 3213 1112 3284; x_wconf 92' lang='lat' dir='ltr'>porro</span> <span class='ocrx_word' id='word_1_161' title='bbox 1136 3189 1242 3262; x_wconf 88' lang='lat' dir='ltr'>debe·</span> 
     </span>
     <span class='ocr_line' id='line_1_24' title="bbox 273 3308 1275 3406; baseline -0.009 -22"><span class='ocrx_word' id='word_1_162' title='bbox 273 3337 351 3386; x_wconf 87' lang='lat' dir='ltr'>mus</span> <span class='ocrx_word' id='word_1_163' title='bbox 379 3329 542 3406; x_wconf 88' lang='lat' dir='ltr'>excerpta</span> <span class='ocrx_word' id='word_1_164' title='bbox 562 3311 716 3382; x_wconf 89' lang='lat' dir='ltr'>duorum</span> <span class='ocrx_word' id='word_1_165' title='bbox 739 3308 878 3380; x_wconf 76' lang='lat' dir='ltr'>Codicum</span> <span class='ocrx_word' id='word_1_166' title='bbox 900 3308 1122 3396; x_wconf 83' lang='lat' dir='ltr'>Oxonienstum,</span> <span class='ocrx_word' id='word_1_167' title='bbox 1153 3329 1242 3403; x_wconf 89' lang='lat' dir='ltr'>quo·</span> <span class='ocrx_word' id='word_1_168' title='bbox 1272 3347 1275 3352; x_wconf 20' lang='grc' dir='ltr'><strong>Δ</strong></span> 
     </span>
     <span class='ocr_line' id='line_1_25' title="bbox 273 3423 1244 3526; baseline -0.008 -22"><span class='ocrx_word' id='word_1_169' title='bbox 273 3457 350 3504; x_wconf 90' lang='lat' dir='ltr'>rum</span> <span class='ocrx_word' id='word_1_170' title='bbox 368 3431 453 3503; x_wconf 92' lang='lat' dir='ltr'>alter</span> <span class='ocrx_word' id='word_1_171' title='bbox 466 3428 616 3526; x_wconf 84' lang='lat' dir='ltr'>Collegii</span> <span class='ocrx_word' id='word_1_172' title='bbox 634 3426 820 3501; x_wconf 84' lang='lat' dir='ltr'>Servatoris</span> <span class='ocrx_word' id='word_1_173' title='bbox 841 3427 875 3519; x_wconf 91' lang='lat' dir='ltr'>J.</span> <span class='ocrx_word' id='word_1_174' title='bbox 891 3424 952 3512; x_wconf 89' lang='lat' dir='ltr'>est,</span> <span class='ocrx_word' id='word_1_175' title='bbox 977 3423 1139 3497; x_wconf 87' lang='lat' dir='ltr'>deficiens</span> <span class='ocrx_word' id='word_1_176' title='bbox 1156 3448 1244 3496; x_wconf 90' lang='lat' dir='ltr'>non·</span> 
     </span>
     <span class='ocr_line' id='line_1_26' title="bbox 273 3542 1246 3639; baseline -0.005 -16"><span class='ocrx_word' id='word_1_177' title='bbox 273 3549 376 3624; x_wconf 91' lang='lat' dir='ltr'>nullis</span> <span class='ocrx_word' id='word_1_178' title='bbox 403 3548 501 3638; x_wconf 86' lang='lat' dir='ltr'>locis,</span> <span class='ocrx_word' id='word_1_179' title='bbox 529 3568 568 3620; x_wconf 89' lang='lat' dir='ltr'>ut</span> <span class='ocrx_word' id='word_1_180' title='bbox 585 3545 691 3620; x_wconf 89' lang='lat' dir='ltr'>didici</span> <span class='ocrx_word' id='word_1_181' title='bbox 713 3571 733 3621; x_wconf 88' lang='lat' dir='ltr'>e</span> <span class='ocrx_word' id='word_1_182' title='bbox 758 3542 963 3618; x_wconf 86' lang='lat' dir='ltr'>Montefalc.</span> <span class='ocrx_word' id='word_1_183' title='bbox 992 3569 1026 3639; x_wconf 87' lang='lat' dir='ltr'>p.</span> <span class='ocrx_word' id='word_1_184' title='bbox 1055 3544 1136 3615; x_wconf 88' lang='lat'><strong>668.</strong></span> <span class='ocrx_word' id='word_1_185' title='bbox 1161 3545 1246 3618; x_wconf 86' lang='lat' dir='ltr'>alter</span> 
     </span>
     <span class='ocr_line' id='line_1_27' title="bbox 273 3661 1246 3752; baseline -0.009 -8"><span class='ocrx_word' id='word_1_186' title='bbox 273 3669 492 3744; x_wconf 81' lang='lat' dir='ltr'>Bibliothecae</span> <span class='ocrx_word' id='word_1_187' title='bbox 515 3666 733 3751; x_wconf 82' lang='lat' dir='ltr'>Bodleianae3</span> <span class='ocrx_word' id='word_1_188' title='bbox 770 3664 864 3737; x_wconf 90' lang='lat' dir='ltr'>unde</span> <span class='ocrx_word' id='word_1_189' title='bbox 891 3661 949 3734; x_wconf 91' lang='lat' dir='ltr'>ille</span> <span class='ocrx_word' id='word_1_190' title='bbox 975 3662 1159 3752; x_wconf 80' lang='lat' dir='ltr'>Oxoniensts,</span> <span class='ocrx_word' id='word_1_191' title='bbox 1188 3661 1246 3739; x_wconf 88' lang='lat' dir='ltr'>hio</span> 
     </span>
     <span class='ocr_line' id='line_1_28' title="bbox 275 3782 1246 3879; baseline -0.003 -20"><span class='ocrx_word' id='word_1_192' title='bbox 275 3788 459 3860; x_wconf 85' lang='lat' dir='ltr'>Bodleianus</span> <span class='ocrx_word' id='word_1_193' title='bbox 473 3807 629 3862; x_wconf 89' lang='lat' dir='ltr'>vocatur.</span> <span class='ocrx_word' id='word_1_194' title='bbox 667 3782 763 3857; x_wconf 90' lang='lat' dir='ltr'>Illius</span> <span class='ocrx_word' id='word_1_195' title='bbox 778 3801 940 3879; x_wconf 85' lang='lat' dir='ltr'>excerpta</span> <span class='ocrx_word' id='word_1_196' title='bbox 957 3782 1001 3854; x_wconf 88' lang='lat' dir='ltr'>ad</span> <span class='ocrx_word' id='word_1_197' title='bbox 1018 3782 1148 3854; x_wconf 91' lang='lat' dir='ltr'>calcem</span> <span class='ocrx_word' id='word_1_198' title='bbox 1164 3782 1246 3856; x_wconf 89' lang='lat' dir='ltr'>utri·</span> 
     </span>
     <span class='ocr_line' id='line_1_29' title="bbox 276 3899 1248 4008; baseline -0.007 -25"><span class='ocrx_word' id='word_1_199' title='bbox 276 3904 383 4008; x_wconf 83' lang='lat' dir='ltr'>usque</span> <span class='ocrx_word' id='word_1_200' title='bbox 399 3905 560 3984; x_wconf 84' lang='lat' dir='ltr'>editionis</span> <span class='ocrx_word' id='word_1_201' title='bbox 575 3903 805 3979; x_wconf 85' lang='lat' dir='ltr'>Gronovianae</span> <span class='ocrx_word' id='word_1_202' title='bbox 830 3900 1056 4000; x_wconf 82' lang='lat' dir='ltr'>reperiuntur,</span> <span class='ocrx_word' id='word_1_203' title='bbox 1078 3899 1178 4004; x_wconf 85' lang='lat' dir='ltr'>hujus</span> <span class='ocrx_word' id='word_1_204' title='bbox 1201 3904 1248 3982; x_wconf 86' lang='lat' dir='ltr'>ad</span> 
     </span>
    </p>
   </div>
   <div class='ocr_carea' id='block_1_2' title="bbox 782 4047 851 4116">
    <p class='ocr_par' dir='ltr' id='par_1_4' title="bbox 782 4047 851 4116">
     <span class='ocr_line' id='line_1_30' title="bbox 782 4047 851 4116; baseline 0 0"><span class='ocrx_word' id='word_1_205' title='bbox 782 4047 851 4116; x_wconf 62' lang='lat'>24</span> 
     </span>
    </p>
   </div>
   <div class='ocr_carea' id='block_1_3' title="bbox 0 0 1527 5138">
    <p class='ocr_par' dir='ltr' id='par_1_5' title="bbox 0 0 1527 5138">
     <span class='ocr_line' id='line_1_31' title="bbox 0 0 1527 5138; baseline 0 0"><span class='ocrx_word' id='word_1_206' title='bbox 0 0 1527 5138; x_wconf 95' lang='lat' dir='ltr'> </span> 
     </span>
    </p>
   </div>
  </div>
 </body>
</html>
