2986 5138
447 575 751 649 Anunaruu
781 579 894 650 Lra.
929 576 991 650 1v.
1138 602 1256 676 2¹3*

237 746 416 817 cuneatus
445 745 508 833 est,
542 753 675 818 “num
715 746 751 818 id
791 746 950 840 precibus
981 746 1204 845 Agrippinae,

238 869 265 905 “
283 883 341 935 aut
358 863 461 935 minis
477 863 708 937 tribuiffent.’'
759 868 806 937 Et
824 865 874 936 illi
894 864 1052 962 quidem,
1079 893 1203 964 quam·

238 1006 344 1077 quam
361 984 565 1072 abnuerent,
590 985 727 1056 modice
746 983 923 1079 permisti,
951 984 1099 1078 (etenim
1127 1010 1205 1081 pars

237 1124 365 1196 magna
390 1126 409 1172 e
433 1102 639 1199 propinquis
656 1101 773 1197 ipsius,
798 1121 856 1174 aut
875 1101 1041 1197 primores
1061 1101 1207 1175 civitatis

237 1239 333 1290 erant
348 1221 379 1312 z)
415 1221 568 1293 ceterbm
608 1221 643 1292 in
672 1220 800 1308 senatu,
832 1220 987 1293 oratione
1010 1221 1147 1294 monuit
1170 1221 1206 1295 in

238 1337 428 1433 posterum,
462 1346 548 1410 “ne
569 1339 647 1435 quis
674 1339 822 1412 mobiles
850 1337 1116 1411 adolescentium
1133 1339 1207 1412 ani·
1311 1395 1312 1399 η

239 1462 267 1496 “
286 1482 375 1545 mos,
398 1458 611 1551 praematuris
639 1457 827 1531 honoribus
854 1461 900 1529 ad
920 1457 1116 1554 superbiam
1143 1482 1206 1530 ex·

240 1580 268 1615 “
286 1575 459 1646 tolleret.''
508 1577 658 1649 Instabat
683 1575 815 1672 quippe
837 1575 990 1672 Sejanus,
1017 1575 1207 1650 incusabat-

239 1719 308 1791 que
338 1702 365 1736 “
382 1693 561 1766 didudam
588 1693 778 1783 civitatem,
811 1715 851 1766 ut
880 1695 973 1766 civili
998 1696 1115 1769 bello:
1143 1698 1211 1769 esse

241 1819 270 1854 “
290 1813 350 1910 qui
384 1811 417 1886 se
445 1813 597 1909 partium
617 1812 826 1910 Agrippinae
850 1834 998 1886 vocent:
1033 1839 1073 1886 ac
1097 1813 1134 1884 ni
1156 1838 1209 1885 re·

239 1938 266 1976 “
287 1933 425 2023 sistatur,
448 1932 520 2006 sore
536 1935 675 2029 plures:
708 1956 821 2028 neque
838 1932 932 2004 aliud
947 1930 1119 2030 gliscentis
1140 1929 1208 2004 <lis-

240 2059 267 2093 “
287 2052 413 2126 cordiae
431 2052 637 2140 remedium,
663 2051 772 2147 quarn
795 2054 817 2122 fi
844 2077 933 2123 unus
956 2052 1084 2123 alterve
1107 2075 1207 2123 max·

239 2178 266 2213 “
285 2171 355 2243 ime.
381 2171 535 2268 prompti
560 2169 868 2242 subverterentur.’'

301 2292 434 2363 XVIII.
474 2294 567 2387 an
603 2313 732 2362 cnusn
758 2289 801 2360 C.
829 2286 965 2377 Silium,
1005 2291 1039 2359 δι
1067 2288 1208 2362 Titium

238 2408 420 2497 Sabinum,
444 2408 665 2504 adgreditur:
691 2406 840 2480 amicitia
867 2405 1066 2479 Germanici
1091 2406 1207 2503 perni-

238 2526 328 2598 ciosa
354 2527 516 2623 utrique;
550 2526 634 2599 Silio
664 2532 712 2614 δι,
738 2525 833 2622 quod
857 2524 1007 2621 ingentis
1034 2525 1208 2598 exercitus

239 2644 370 2740 septem
388 2671 449 2742 per
463 2672 572 2717 annos
589 2648 798 2732 moderator,
821 2642 992 2739 partisque
1008 2643 1101 2738 apud
1120 2645 1207 2716 Ger·

238 2763 393 2836 maniam
418 2764 698 2861 triumphalibus,
722 2761 947 2835 Sacroviriani
977 2760 1058 2834 belli
1079 2761 1207 2851 sistor,

241 2881 372 2980 quanto
399 2881 526 2979 majore
546 2882 638 2954 mole
662 2880 865 2978 procideret,
897 2880 979 2975 ¹plus
1012 2877 1209 2951 formidinis

239 3002 274 3073 in
292 3002 376 3074 alios
393 2999 657 3099 dispergebatur.
683 3000 881 3072 Credebant
898 2996 1055 3094 plerique
1071 2999 1209 3071 audam

239 3123 464 3194 offensionem
495 3121 597 3216 ipsius
630 3117 902 3215 intemperantis,
927 3115 1117 3188 immodice
1133 3114 1210 3212 jac·

240 3241 355 3329 tantis,
401 3247 429 3282 “
447 3239 545 3312 suurn
583 3237 729 3310 militem
756 3235 793 3307 in
823 3233 987 3331 obsequio
1024 3233 1207 3324 duravisse,

240 3367 267 3401 “
285 3361 367 3431 cum
402 3358 458 3430 alii
495 3360 540 3430 ad
567 3356 748 3429 seditiones
777 3356 1055 3451 prolaberentur:
1095 3377 1209 3449 neque

242 3485 269 3520 “
288 3475 488 3549 mansurum
499 3474 645 3549 Tiberio
657 3473 857 3570 imperium,
881 3471 967 3545 fiiis
993 3494 1134 3567 quoque
1162 3470 1210 3542 le-

240 3603 267 3638 “
286 3596 449 3692 gionibus
486 3594 612 3691 cupido
646 3592 801 3665 novandi
852 3589 1012 3665 fuiffet.’'-
1073 3587 1211 3661 Destrui

201 3712 203 3716 ’
242 3741 302 3812 per
319 3716 394 3788 haec
410 3713 585 3786 fortunam
601 3710 695 3785 suam
712 3709 837 3799 Caesar,
864 3710 1101 3808 imparemque
1118 3726 1213 3781 tanto

241 3834 364 3907 merito
393 3835 543 3908 rebatur.
605 3831 699 3904 Nam
727 3829 895 3906 beneficia
929 3828 972 3903 eb
1005 3827 1112 3925 usque
1137 3829 1213 3902 laeta

702 3951 729 4021 P
752 3976 771 4047 ³
