2986 5138
365 578 666 649 Annnnront
697 577 809 650 Lta.
845 574 907 651 Ill.
1092 581 1158 675 189

244 749 379 824 LXIX.
394 755 613 823 onnnsunr
632 766 710 848 quae
721 751 873 825 disseruit
885 751 1012 825 Caesar:
1033 758 1160 828 “Non

194 875 224 910 “
241 869 385 966 quidem
403 870 462 944 srbi
479 870 608 969 ignara,
642 898 721 969 quae
750 871 795 944 de
824 871 938 944 Silano
964 873 1158 970 vulgaban-

195 995 223 1032 “
241 1008 310 1080 tur,
334 988 391 1062 sed
417 1015 489 1063 non
517 1016 561 1063 ex
590 1016 727 1064 mmore
755 991 1000 1064 statuendum:
1031 993 1159 1065 multos

195 1114 224 1151 “
242 1108 279 1181 in
295 1110 480 1206 provinciis
497 1110 629 1200 contria,
659 1111 766 1207 quarn
790 1109 863 1206 spes
894 1131 953 1183 aut
975 1130 1086 1184 metus
1113 1113 1159 1185 de

194 1235 222 1272 “
240 1228 306 1301 illis
319 1227 432 1318 suerit,
447 1229 573 1327 egisse:
597 1228 739 1303 excitari
756 1227 922 1327 quosdam
939 1231 985 1302 ad
1002 1229 1158 1321 meliora,

193 1347 479 1445 “magnitudine
515 1375 652 1433 ren1m3
688 1347 867 1422 hebescere
895 1349 1004 1422 alios:
1046 1375 1159 1448 neque

192 1474 221 1510 “
238 1469 332 1565 polle
359 1468 557 1566 Principem
585 1467 641 1541 sua
658 1466 794 1541 scientia
810 1454 935 1542 cundia
956 1470 1156 1567 complesti,

192 1592 353 1684 “neque
381 1587 559 1685 expedire,
583 1607 622 1660 ut
649 1587 838 1660 ambitione
861 1589 969 1662 aliena
997 1591 1157 1662 trahatur.

192 1712 221 1749 “
239 1707 324 1779 Ideo
339 1709 432 1806 leges
448 1706 483 1779 in
500 1705 590 1780 sacta
606 1707 782 1797 constitui,
808 1708 889 1805 quia
917 1708 1030 1782 firtura
1043 1710 1079 1783 iu
1102 1709 1156 1783 in·

191 1832 331 1899 “certo
365 1831 450 1900 sint:
490 1829 533 1901 src
561 1853 581 1900 a
609 1825 792 1924 majoribus
819 1827 1027 1919 institutum,
1059 1851 1099 1904 ut
1133 1834 1156 1903 fi

192 1953 220 1991 “
237 1946 414 2020 anteissent
431 1946 570 2036 delicia,
593 1973 707 2044 poenae
724 1945 954 2044 sequerentur.
994 1950 1053 2021 Ne
1077 1975 1154 2023 ver·

189 2073 218 2110 “
234 2086 344 2139 terent
360 2065 525 2164 sapienter
540 2087 687 2162 reperta,
713 2069 747 2138 8:
775 2064 905 2162 semper
922 2067 1070 2163 placita:
1104 2067 1154 2142 sa·

189 2185 275 2259 “tis
296 2212 441 2258 onerum
464 2186 698 2282 Principibus,
722 2184 798 2258 satis
830 2185 932 2258 etiam
962 2187 1150 2283 potentiora

190 2311 218 2348 “
236 2304 346 2377 minui
355 2303 448 2402 jura,
461 2305 618 2402 quotiens
635 2303 753 2402 gliscat
770 2305 940 2402 potestas:
967 2331 1032 2380 nec
1055 2326 1155 2381 uten-

190 2426 321 2498 “dum
339 2424 498 2521 imperio,
522 2424 583 2498 ubi
601 2424 736 2522 legibus
760 2423 818 2521 agi
839 2426 975 2520 possit.''
1012 2426 1155 2524 Qantd

185 2543 291 2617 rarior
307 2545 400 2642 apud
415 2544 597 2618 Tiberium
615 2544 839 2642 popularitas,
852 2546 950 2618 tanti)
967 2546 1154 2622 latioribus

185 2663 308 2736 animis
336 2683 488 2762 accepta.
549 2669 668 2763 Atque
684 2665 740 2738 ille
758 2665 910 2762 pmdens
939 2667 1153 2758 moderandi,

187 2784 366 2881 srpropria
394 2784 442 2857 ira
469 2811 540 2856 non
566 2783 812 2880 impelleretur,
843 2785 991 2875 addidit,
1019 2794 1046 2830 “
1064 2786 1153 2860 insu-

187 2909 216 2944 “
234 2903 303 2976 lam
330 2906 486 3000 Gyarum
504 2902 676 2976 immitem
704 2908 737 2977 ἃ
764 2907 832 2976 fine
848 2907 943 2978 cultu
968 2905 1152 2981 hominum

186 3028 217 3066 ‘⁸
235 3024 325 3097 effe:
353 3022 473 3096 darent
499 3024 614 3118 Juniae
633 3021 787 3113 familiae,
817 3028 849 3097 &
874 3022 951 3096 viro
974 3027 1153 3122 quondam

188 3147 216 3184 “
234 3141 364 3215 ordinis
381 3141 547 3241 ejusdem,
570 3162 609 3215 ut
634 3143 823 3239 Cytheram
852 3143 966 3239 potius
983 3147 1152 3219 concede·

188 3267 216 3303 “
234 3281 308 3333 ret:
351 3260 390 3335 id
428 3260 576 3334 sororem
620 3288 763 3360 quoque
789 3262 894 3334 Silani
922 3265 1152 3359 Torquatam,

187 3386 217 3422 “
234 3378 351 3476 priscae
385 3378 618 3454 sandlimoniae
650 3381 823 3480 virginem
856 3383 1054 3478 expetere.''
1111 3385 1153 3455 In

185 3501 274 3572 hanc
298 3496 499 3573 sententiam
525 3498 614 3573 sacta
637 3500 798 3575 discessio.

231 3619 351 3692 Lxx.
376 3620 473 3692 Posr
502 3619 610 3692 auditi
638 3618 863 3717 CyrenenseS,
897 3624 946 3709 a,
974 3619 1152 3697 accusante

184 3738 364 3813 Anchario
397 3737 524 3828 Prisc0,
553 3740 679 3813 Caefius
706 3740 842 3813 Cordus
883 3741 1151 3835 repetundarum

181 3861 377 3933 damnatur.
426 3860 472 3931 L.
492 3857 660 3948 Ennium,
679 3859 831 3955 equitem
846 3863 1062 3949 Romanum,
1076 3885 1151 3934 ma·

173 3975 304 4075 jestatis
339 3977 563 4075 postulatum,
603 3986 630 4021 “
644 3977 740 4076 quod
794 3978 946 4078 effigiem
979 3978 1149 4078 Principis
