2986 5138
434 543 732 614 Annnnronr
764 541 874 615 Lrs.
906 543 968 616 VI.
1164 491 1232 641 303

259 708 428 782 donatus:
456 736 543 784 mox
560 710 700 808 repetita
716 710 866 785 amicitis
882 711 986 810 regis,
1012 714 1125 786 multo
1141 715 1235 810 apud

260 853 343 901 eum
369 831 511 920 honore,
541 828 721 926 praeserstus
746 830 893 927 campis,
923 829 983 927 qui
1000 833 1178 926 Euphrate
1201 838 1235 906 δι

259 946 384 1044 Tigre,
413 947 549 1023 inclutis
578 949 752 1040 amnibus,
776 949 984 1040 circumflui,
1004 948 1236 1046 Mesopotamia
1279 934 1282 939 ¹

259 1090 388 1139 nomen
415 1087 633 1164 acceperunt.
682 1071 810 1165 Neque
838 1067 950 1141 multo
976 1067 1051 1164 post
1077 1068 1237 1144 Sinnaces

254 1207 360 1284 auget
390 1187 530 1284 copias3
574 1191 607 1259 &
640 1188 801 1260 columen
836 1187 987 1284 partium
1021 1185 1234 1284 Abdageses,

257 1331 385 1403 gazam
404 1312 437 1378 δι
464 1329 600 1403 paratus
624 1306 737 1405 regios
759 1305 886 1405 adjicit.
936 1305 1097 1380 Vitellius
1121 1306 1235 1379 osten·

258 1427 340 1498 tasse
365 1429 527 1500 Romana
554 1452 650 1499 arma
674 1424 749 1498 satis
778 1448 883 1517 ratus,
914 1445 1034 1499 monet
1056 1425 1238 1501 Tiridaten

260 1545 515 1643 primoresque:
544 1548 652 1636 hunc,
683 1552 711 1589 “
728 1545 885 1619 Phraatis
902 1545 958 1618 avi
977 1550 1011 1619 ἃ
1028 1547 1144 1620 altoris
1159 1548 1237 1620 Cae·

261 1671 289 1707 “
307 1663 400 1752 sarie,
430 1691 508 1761 quae
524 1665 710 1761 utrobique
737 1666 896 1762 pulchra,
925 1665 1166 1739 meminerit:’'
1195 1666 1238 1738 il·

260 1783 325 1873 los,
362 1783 612 1881 “obsequium
636 1785 671 1856 in
688 1809 821 1882 regem,
847 1785 1075 1858 reverentiam
1099 1786 1134 1859 in
1158 1812 1236 1874 nos,

262 1908 290 1944 “
309 1903 417 1975 decus
434 1902 577 2000 quisque
594 1901 693 1976 snum
707 1908 740 1976 ὅτ
755 1904 861 1976 fidem
878 1903 1099 1977 retinerent.''
1142 1890 1238 1980 Exin

262 2047 344 2095 cum
361 2021 556 2119 legionibus
572 2020 609 2094 in
625 2022 758 2116 Syriam
775 2023 955 2095 remeavit.

306 2141 515 2214 XXXVIII.
549 2144 652 2239 ans
679 2142 815 2215 duabus
840 2140 1011 2216 aestatibus
1038 2140 1133 2239 gesta
1154 2167 1239 2216 con·

259 2259 371 2353 junxi,
398 2259 470 2358 quo
488 2259 709 2357 requiesceret
725 2261 860 2335 animus
877 2286 897 2334 a
912 2261 1110 2336 domesticis
1127 2262 1238 2336 malis.

260 2381 348 2453 Non
377 2380 471 2454 enim
504 2380 703 2470 Tiberium,
732 2406 947 2479 quamquam
980 2381 1128 2456 triennio
1163 2382 1240 2479 post

266 2501 398 2573 cadem
410 2498 535 2596 Sejani,
554 2528 632 2598 quae
650 2523 777 2575 ceteros
795 2500 930 2575 mollire
947 2500 1067 2591 solent,
1084 2521 1238 2598 tempus,

261 2642 392 2713 preces,
419 2617 530 2709 satias,
558 2620 778 2718 mitigabant,
804 2623 891 2718 quin
909 2621 1051 2713 incerta,
1079 2623 1136 2695 vel
1152 2623 1238 2695 abo·

260 2737 334 2823 lita,
367 2760 430 2831 pro
463 2736 665 2832 graviffimis
695 2744 729 2811 &
758 2741 955 2814 recentibus
985 2741 1130 2839 puniret.
1182 2742 1238 2814 Eo

260 2875 358 2929 metu
384 2853 561 2927 Fulcinius
583 2854 668 2927 Trio
694 2856 890 2953 ingruentes
911 2859 1120 2934 accusatores
1143 2858 1238 2932 haud

263 2973 449 3072 perpessus,
479 2971 644 3068 supremis
677 2972 802 3044 tabulis
834 2976 943 3046 multa
978 2981 1012 3048 &
1041 2977 1170 3051 atrocia
1201 2977 1237 3050 in

261 3096 485 3184 Macronem,
503 3118 543 3166 ac
561 3090 750 3189 praecipuos
767 3090 967 3168 libertorum
982 3094 1122 3168 Caesaris
1138 3122 1236 3169 com·

264 3213 394 3312 posuit;
421 3213 482 3311 ipsr
503 3220 531 3255 “
548 3215 682 3286 fluxam
699 3209 789 3284 senio
806 3232 960 3286 mentem
980 3217 1013 3285 δι
1031 3213 1236 3291 continuum

262 3341 290 3377 “
308 3332 511 3425 abscessum,
536 3334 633 3405 velut
659 3330 855 3422 exfilium,”
879 3330 1094 3430 objestando.
1144 3334 1236 3433 Quae

262 3456 308 3529 ab
337 3451 519 3526 heredibus
551 3451 735 3541 occultata,
764 3450 898 3524 recitari
931 3452 1091 3526 Tiberius
1117 3451 1233 3550 juffit:

262 3571 464 3673 patientiam
497 3569 663 3644 libertatis
696 3569 816 3644 alienae
854 3571 1038 3662 ostentans,
1074 3577 1109 3646 ὅτ
1149 3599 1235 3647 con-

263 3713 415 3791 temptor
449 3689 515 3764 suae
556 3687 719 3782 insamiae,
760 3716 803 3764 sn
835 3690 999 3764 scelerum
1032 3689 1145 3788 Sejani
1174 3693 1236 3768 diu

262 3813 409 3904 nescius,
442 3837 527 3885 mox
553 3835 697 3907 quoquo
725 3810 834 3884 modo
852 3811 944 3884 dieta
965 3810 1104 3908 vulgari
1127 3815 1234 3886 male-

261 3934 335 4024 bat,
368 3929 598 4030 veritatisque,
631 3928 688 4004 cui
719 3929 872 4004 adulatio
907 3930 1026 4021 officit,
1061 3956 1121 4029 per
1154 3956 1233 4029 pro·

715 4051 751 4124 X
