2986 5138
371 536 418 624 64
527 536 568 607 C.
601 538 877 611 Connaarr
909 539 1114 614 Tnc1r1

429 711 596 783 LXXVI.
635 715 777 785 Eonnnr
817 738 908 807 anno
956 713 1127 786 continuis
1166 711 1334 788 imbribus

370 832 487 901 andus
499 830 650 920 Tiberis,
681 834 782 928 plana
802 832 896 906 urbis
912 833 1150 928 stagnaverat:
1178 834 1332 907 relaben-

368 966 439 1019 tem
457 948 569 1021 secuta
598 951 646 1022 est
669 950 948 1023 aetliliciorum&
979 949 1163 1022 hominum
1191 951 1331 1050 strages.

368 1067 478 1164 Igitur
498 1067 624 1140 censuit
647 1069 782 1140 Afinius
811 1070 944 1158 Gallus,
974 1077 1001 1111 ‘⁴
1015 1089 1052 1140 ut
1076 1069 1154 1142 libri
1176 1070 1332 1166 Sibyllini

370 1194 396 1227 “
415 1187 585 1260 adirentur
601 1189 637 1258 :''
661 1186 771 1259 renuit
784 1187 960 1276 Tiberius,
976 1186 1118 1282 perinde
1131 1181 1332 1263 divina‘hu-

367 1332 536 1402 manaque
552 1309 742 1402 obtegens:
765 1303 822 1377 sed
845 1306 1038 1378 remedium
1062 1309 1243 1380 codrcendi
1266 1313 1331 1382 flu·

368 1424 469 1499 minis
487 1424 588 1496 Ateio
604 1422 778 1519 Capitoni,
809 1427 841 1496 ἃ
866 1427 912 1496 L.
932 1427 1099 1498 Arruntio
1118 1427 1331 1500 mandatum.

366 1544 537 1617 Achaiam
558 1569 596 1615 ac
622 1541 867 1615 Macedoniam
897 1568 1001 1615 onera
1028 1545 1262 1641 deprecantes,
1283 1548 1332 1622 le-

366 1661 437 1733 vari
470 1661 504 1731 in
539 1658 681 1755 praesens
715 1658 943 1755 proconsulari
981 1662 1139 1759 irnperi0‚
1174 1665 1331 1761 tradique

365 1778 486 1852 Caesari
503 1778 642 1875 placuit.
694 1779 846 1852 Edendis
864 1780 1120 1876 gladiatoribus,
1145 1808 1231 1876 quos
1244 1787 1331 1854 Ger-

365 1898 489 1972 manici
517 1897 627 1971 fratris
654 1922 694 1968 ac
725 1895 785 1968 suo
808 1898 949 1971 nomine
976 1900 1159 1986 obtulerat,
1196 1899 1328 1973 Drusus

365 2017 535 2114 praesedit,
574 2042 787 2113 quamquam
824 2016 885 2088 vili
920 2016 1083 2114 sanguine
1119 2016 1221 2091 nimis
1244 2046 1328 2115 gau-

364 2140 471 2210 dens:
508 2136 603 2232 quod
627 2136 751 2231 vulgus
774 2130 1048 2224 formidolosum,
1088 2137 1120 2205 δι
1148 2155 1245 2231 pater
1272 2164 1327 2209 ar-

366 2257 472 2354 guille
494 2255 693 2327 dicebatur:
725 2279 786 2325 cur
809 2252 1003 2327 abstinuerit
1027 2251 1219 2348 speclaculo
1244 2255 1328 2351 ipse,

364 2374 457 2446 varii·
473 2376 677 2457 trahebant;
707 2370 762 2443 alii
778 2370 881 2443 taedio
898 2371 1021 2459 coetlrs,
1040 2370 1182 2466 quidam
1198 2372 1330 2450 tristitia

363 2491 506 2589 ingenii,
534 2490 570 2562 δι
599 2511 692 2562 metu
719 2485 997 2583 comparationis,
1032 2488 1113 2585 quia
1149 2493 1328 2587 Augustus

363 2610 507 2683 comiter
534 2608 740 2683 interfuiffet.
801 2606 885 2678 Non
912 2605 1119 2679 crediderim
1146 2610 1192 2682 ad
1215 2611 1328 2683 osten-

363 2731 504 2803 tandam
530 2727 706 2815 saevitiam,
737 2722 991 2819 movendasque
1020 2726 1138 2821 populi
1171 2730 1328 2802 offensio-

364 2875 436 2937 nes,
474 2848 664 2921 concellam
707 2845 779 2916 filio
812 2842 1013 2917 materiem:
1051 2871 1264 2942 quamquam
1292 2850 1329 2928 id

364 2993 503 3065 quoquc
519 2967 651 3038 diclnm
669 2965 728 3036 est.

398 3086 583 3157 LXXVII.
602 3089 661 3154 Ar
681 3107 855 3155 rnnnrnr
876 3081 1014 3154 licentia
1027 3085 1190 3179 proximo
1203 3086 1317 3181 priore

362 3233 453 3278 anno
467 3226 594 3298 coepta,
620 3202 757 3299 gravibs
773 3221 847 3273 tum
862 3201 984 3295 erupit,
998 3203 1115 3274 occisis
1133 3229 1203 3275 non
1221 3205 1328 3276 modd

362 3352 381 3398 e
399 3327 513 3421 plebe,
531 3323 588 3395 sed
607 3321 772 3393 militibus
791 3323 822 3392 ἃ
841 3319 1053 3408 centurione,
1072 3323 1250 3393 vulnerato
1267 3322 1326 3393 tri-

362 3448 457 3517 buno
484 3440 653 3538 praetoriae
680 3437 843 3526 cohortis,
871 3438 958 3508 dum
985 3440 1112 3531 probra
1141 3438 1176 3509 in
1215 3441 1327 3535 magi-

360 3566 481 3638 stratus
513 3566 545 3632 &
575 3559 812 3644 distensionem
828 3554 926 3652 vulgi
946 3555 1141 3650 probibent.
1191 3559 1324 3631 netum

361 3684 405 3753 cle
432 3684 470 3751 ea
492 3676 656 3750 seditione
682 3675 774 3769 apud
805 3697 927 3770 patres,
957 3672 1226 3767 dicebanturque
1249 3671 1323 3743 sen-

361 3797 489 3885 tentiae,
524 3802 550 3836 “
563 3817 600 3866 ut
627 3792 825 3889 praetoribus
842 3791 900 3888 jus
921 3791 1097 3888 virgarum
1121 3789 1155 3860 in
1187 3789 1324 3862 histrio·

363 3923 389 3961 “
408 3939 467 3986 nes
484 3914 562 3984 elset
579 3913 615 3983 :''
644 3910 822 3983 interceffit
853 3909 1017 3983 Haterius
1040 3906 1198 4005 Agrippa
1214 3908 1322 3982 tribu-
