2986 5138
441 573 746 648 Auuntronr
778 570 890 649 Lrn.
923 574 950 648 Ι.
1126 598 1170 672 57

215 753 243 791 “
259 742 354 843 quod
380 748 402 818 sr
427 745 595 843 fugerent,
623 746 736 842 plures
762 748 872 836 silvas,
900 745 1082 841 profundas
1099 776 1171 822 ma·

215 867 309 963 “gis
344 867 495 961 paludes,
532 865 694 937 saevitiam
730 866 878 938 hostium
914 867 1100 962 superesse:
1138 891 1173 942 at

215 985 443 1057 “victoribus
473 986 591 1074 decus,
634 984 802 1080 gloriam:
847 1011 923 1080 quae
954 985 1050 1056 domi
1082 1013 1171 1077 cara,

215 1111 244 1145 “
257 1130 333 1200 quae
360 1104 395 1175 in
420 1102 533 1175 castris
558 1102 736 1191 honesta'',
763 1124 953 1176 memorat:
982 1103 1113 1177 reticuit
1129 1109 1174 1179 de

214 1226 370 1296 adrersrs.
422 1226 540 1318 Equos
563 1218 700 1311 dehinc,
726 1222 854 1294 orsusa
880 1220 958 1309 suis,
984 1224 1175 1318 legatorum

215 1342 517 1437 tribunorumque,
544 1342 635 1412 nulli
668 1341 868 1429 ambitione,
895 1339 1070 1413 sortissrmo
1102 1344 1174 1415 cui·

214 1486 284 1557 que
301 1459 454 1533 bellatori
472 1459 587 1549 tradit,
615 1479 651 1530 ut
668 1459 718 1548 hi,
744 1485 829 1531 mox
845 1459 963 1555 pedes,
988 1458 1024 1531 in
1041 1462 1175 1535 hostem

214 1580 422 1653 invaderent.

262 1701 428 1770 LXVIII.
455 1700 580 1771 HAun
598 1723 723 1769 nunus
741 1696 870 1793 inquies
882 1700 1086 1790 Germanus,
1104 1700 1174 1798 spe,

212 1817 389 1912 cupidine,
431 1822 465 1889 δι
497 1817 633 1888 diversis
664 1818 794 1888 ducum
830 1814 995 1888 sententiis
1027 1823 1172 1914 agebat:

215 1937 388 2025 Arminio,
415 1942 442 1977 “
458 1938 602 2007 smerent
631 1935 762 2033 egredi,
799 1931 1011 2032 egress'osque
1043 1937 1175 2012 nusum

215 2065 316 2151 “per
337 2036 481 2128 humida
505 2060 537 2127 &
562 2054 727 2150 impedita
752 2054 1077 2145 circumvenirent'’,
1104 2057 1176 2132 sua-

213 2177 339 2248 dente:
367 2172 533 2245 atrociora
564 2172 801 2270 Inguiomero,
838 2179 870 2245 &
904 2176 979 2246 Iaeta
1011 2177 1175 2269 barbaris,

217 2304 295 2368 “ut
317 2296 449 2368 vallum
477 2292 579 2364 armis
604 2293 795 2365 ambirent:
824 2314 1021 2389 promptam
1038 2321 1173 2395 expug-

216 2422 243 2458 “
257 2415 443 2504 nationem,
481 2414 593 2509 plures
624 2412 793 2507 captivos,
825 2411 1057 2508 incorruptam
1090 2442 1174 2511 prae-

215 2535 336 2606 “dom
368 2532 475 2606 fore.’'
523 2532 633 2628 Igitur
659 2535 731 2605 ortd
759 2530 828 2620 die,
866 2554 1029 2627 proruunt
1061 2534 1173 2627 fossas,

215 2652 366 2750 injiciunt
383 2672 503 2739 crates,
528 2648 661 2722 summa
683 2650 764 2720 valli
782 2647 952 2746 prensant,
979 2678 1054 2725 raro
1077 2654 1176 2752 super

216 2772 337 2857 milite,
375 2775 407 2842 ἃ
441 2774 532 2865 quast
564 2773 611 2842 ob
643 2790 775 2841 metum
806 2770 934 2842 defixo.
988 2773 1175 2870 Postquam

216 2887 340 2960 haesere
381 2888 612 2977 munimentis,
654 2889 752 2959 datur
791 2888 989 2961 cohortibus
1026 2894 1174 2988 signnm,

215 3032 412 3102 cornuaque
435 3032 474 3078 ac
499 3009 591 3079 tubae
614 3007 839 3079 concinudre:
867 3008 946 3079 exin
968 3009 1117 3083 clamore
1143 3017 1177 3086 δε

216 3127 350 3222 impetu
395 3125 498 3221 tergis
543 3129 796 3198 Germanorum
836 3126 1175 3221 circumfunduntur,

215 3247 475 3342 exprobrantes,
503 3251 530 3286 “
545 3270 613 3317 non
635 3247 691 3317 hic
716 3248 825 3336 silvas,
853 3272 915 3319 nec
939 3249 1093 3342 paludes,
1119 3248 1177 3322 sed

217 3373 245 3408 ‘⁴
259 3364 365 3461 aequis
392 3363 475 3437 locis
506 3389 623 3460 equos
648 3366 767 3437 deos.'’
817 3365 933 3454 Hosti,
959 3366 1055 3439 facile
1083 3367 1177 3439 exei-

214 3484 328 3573 dium,
372 3489 405 3556 &
435 3509 561 3580 paucos
596 3483 837 3557 &semermos
862 3484 1041 3582 cogitanti,
1078 3486 1177 3559 sonus

214 3607 388 3692 tubarum,
406 3603 520 3700 fulgor
543 3629 731 3693 armorum,
750 3605 880 3702 quanto
903 3606 1056 3702 inopina,
1082 3605 1178 3678 tantd

216 3721 344 3818 majora
370 3724 622 3796 offunduntur:
650 3726 899 3821 cadebantque,
929 3747 967 3797 ut
996 3729 1096 3798 rebus
1126 3724 1176 3797 se·
1224 3776 1229 3787 ·

215 3842 334 3914 cundis
361 3841 468 3930 avidi,
494 3842 541 3913 ita
568 3843 713 3915 adversrs
740 3843 880 3917 incauti.
930 3844 1106 3916 Arminius
1123 3842 1175 3914 in-

215 3979 323 4058 teger,
349 3960 590 4059 Inguiomerus
619 3961 693 4056 post
722 3987 826 4060 grave
853 3964 990 4052 vulnus,
1021 3987 1175 4060 pugnam
