<?xml version="1.0" encoding="UTF-8"?>
<!DOCTYPE html PUBLIC "-//W3C//DTD XHTML 1.0 Transitional//EN"
    "http://www.w3.org/TR/xhtml1/DTD/xhtml1-transitional.dtd">
<html xmlns="http://www.w3.org/1999/xhtml" xml:lang="en" lang="en">
 <head>
  <title>
</title>
<meta http-equiv="Content-Type" content="text/html;charset=utf-8" />
  <meta name='ocr-system' content='tesseract 3.04.00' />
  <meta name='ocr-capabilities' content='ocr_page ocr_carea ocr_par ocr_line ocrx_word'/>
</head>
<body>
  <div class='ocr_page' id='page_1' title='image "./ccorneliitaciti03ernegoog_0132.png"; bbox 0 0 2986 5138; ppageno 0'>
   <div class='ocr_carea' id='block_1_1' title="bbox 494 577 1233 678">
    <p class='ocr_par' dir='ltr' id='par_1_1' title="bbox 494 577 1233 678">
     <span class='ocr_line' id='line_1_1' title="bbox 494 577 1233 678; baseline 0.003 -29"><span class='ocrx_word' id='word_1_1' title='bbox 494 581 800 650; x_wconf 75' lang='lat' dir='ltr'>Aunirrun</span> <span class='ocrx_word' id='word_1_2' title='bbox 835 577 1018 650; x_wconf 76' lang='lat' dir='ltr'>Linll.</span> <span class='ocrx_word' id='word_1_3' title='bbox 1190 600 1233 678; x_wconf 82' lang='lat'>75</span> 
     </span>
    </p>
   </div>
   <div class='ocr_carea' id='block_1_2' title="bbox 250 747 1237 3945">
    <p class='ocr_par' dir='ltr' id='par_1_2' title="bbox 265 747 1236 1204">
     <span class='ocr_line' id='line_1_2' title="bbox 266 747 1236 849; baseline 0 -25"><span class='ocrx_word' id='word_1_4' title='bbox 266 750 403 849; x_wconf 89' lang='lat' dir='ltr'>perium</span> <span class='ocrx_word' id='word_1_5' title='bbox 434 747 512 840; x_wconf 86' lang='lat' dir='ltr'>fuit,</span> <span class='ocrx_word' id='word_1_6' title='bbox 542 774 656 848; x_wconf 88' lang='lat' dir='ltr'>neque</span> <span class='ocrx_word' id='word_1_7' title='bbox 686 749 802 823; x_wconf 91' lang='lat' dir='ltr'>liberis</span> <span class='ocrx_word' id='word_1_8' title='bbox 830 748 916 846; x_wconf 87' lang='lat' dir='ltr'>ejus,</span> <span class='ocrx_word' id='word_1_9' title='bbox 944 775 1155 847; x_wconf 89' lang='lat' dir='ltr'>quamquam</span> <span class='ocrx_word' id='word_1_10' title='bbox 1182 751 1236 824; x_wconf 88' lang='lat' dir='ltr'>so·</span> 
     </span>
     <span class='ocr_line' id='line_1_3' title="bbox 265 869 1235 967; baseline -0.001 -23"><span class='ocrx_word' id='word_1_11' title='bbox 265 871 361 944; x_wconf 87' lang='lat' dir='ltr'>ciatis</span> <span class='ocrx_word' id='word_1_12' title='bbox 378 894 473 943; x_wconf 90' lang='lat' dir='ltr'>more</span> <span class='ocrx_word' id='word_1_13' title='bbox 489 890 633 941; x_wconf 87' lang='lat' dir='ltr'>externo</span> <span class='ocrx_word' id='word_1_14' title='bbox 661 869 697 942; x_wconf 91' lang='lat' dir='ltr'>in</span> <span class='ocrx_word' id='word_1_15' title='bbox 730 869 990 942; x_wconf 88' lang='lat' dir='ltr'>matrimonium</span> <span class='ocrx_word' id='word_1_16' title='bbox 1007 894 1235 967; x_wconf 85' lang='lat' dir='ltr'>regnumque.</span> 
     </span>
     <span class='ocr_line' id='line_1_4' title="bbox 265 985 1236 1085; baseline 0.001 -23"><span class='ocrx_word' id='word_1_17' title='bbox 265 988 357 1062; x_wconf 86' lang='lat' dir='ltr'>Dein</span> <span class='ocrx_word' id='word_1_18' title='bbox 378 985 471 1084; x_wconf 83' lang='lat' dir='ltr'>juffu</span> <span class='ocrx_word' id='word_1_19' title='bbox 500 989 650 1085; x_wconf 86' lang='lat' dir='ltr'>Augusti</span> <span class='ocrx_word' id='word_1_20' title='bbox 667 989 846 1085; x_wconf 84' lang='lat' dir='ltr'>impositus</span> <span class='ocrx_word' id='word_1_21' title='bbox 864 987 1082 1079; x_wconf 83' lang='lat' dir='ltr'>Artavasdes,</span> <span class='ocrx_word' id='word_1_22' title='bbox 1110 994 1142 1062; x_wconf 76' lang='grc' dir='ltr'>δι</span> <span class='ocrx_word' id='word_1_23' title='bbox 1166 1015 1236 1063; x_wconf 92' lang='lat' dir='ltr'>non</span> 
     </span>
     <span class='ocr_line' id='line_1_5' title="bbox 266 1105 756 1204; baseline -0.004 -22"><span class='ocrx_word' id='word_1_24' title='bbox 266 1111 335 1182; x_wconf 87' lang='lat' dir='ltr'>stne</span> <span class='ocrx_word' id='word_1_25' title='bbox 351 1109 450 1180; x_wconf 90' lang='lat' dir='ltr'>clade</span> <span class='ocrx_word' id='word_1_26' title='bbox 464 1107 576 1180; x_wconf 64' lang='lat' dir='ltr'>nostrl</span> <span class='ocrx_word' id='word_1_27' title='bbox 592 1105 756 1204; x_wconf 70' lang='lat' dir='ltr'>dejeelus.</span> 
     </span>
    </p>

    <p class='ocr_par' dir='ltr' id='par_1_3' title="bbox 261 1226 1237 2990">
     <span class='ocr_line' id='line_1_6' title="bbox 313 1226 1236 1323; baseline 0.002 -24"><span class='ocrx_word' id='word_1_28' title='bbox 313 1229 375 1299; x_wconf 94' lang='lat' dir='ltr'>lV.</span> <span class='ocrx_word' id='word_1_29' title='bbox 401 1228 497 1298; x_wconf 80' lang='lat' dir='ltr'>Tou</span> <span class='ocrx_word' id='word_1_30' title='bbox 526 1226 567 1298; x_wconf 88' lang='lat' dir='ltr'>C.</span> <span class='ocrx_word' id='word_1_31' title='bbox 600 1228 742 1299; x_wconf 72' lang='lat' dir='ltr'>Ciasnn</span> <span class='ocrx_word' id='word_1_32' title='bbox 777 1226 1033 1323; x_wconf 80' lang='lat' dir='ltr'>componendae</span> <span class='ocrx_word' id='word_1_33' title='bbox 1061 1228 1236 1302; x_wconf 87' lang='lat' dir='ltr'>Armeniae</span> 
     </span>
     <span class='ocr_line' id='line_1_7' title="bbox 265 1344 1237 1442; baseline 0.004 -24"><span class='ocrx_word' id='word_1_34' title='bbox 265 1345 441 1442; x_wconf 84' lang='lat' dir='ltr'>deligitur.</span> <span class='ocrx_word' id='word_1_35' title='bbox 491 1347 524 1417; x_wconf 91' lang='lat' dir='ltr'>Is</span> <span class='ocrx_word' id='word_1_36' title='bbox 542 1345 817 1435; x_wconf 89' lang='lat' dir='ltr'>Ariobarzanen,</span> <span class='ocrx_word' id='word_1_37' title='bbox 846 1344 978 1442; x_wconf 89' lang='lat' dir='ltr'>origine</span> <span class='ocrx_word' id='word_1_38' title='bbox 995 1346 1161 1437; x_wconf 87' lang='lat' dir='ltr'>Medum,</span> <span class='ocrx_word' id='word_1_39' title='bbox 1190 1351 1237 1422; x_wconf 93' lang='lat' dir='ltr'>ob</span> 
     </span>
     <span class='ocr_line' id='line_1_8' title="bbox 264 1462 1236 1561; baseline 0.001 -23"><span class='ocrx_word' id='word_1_40' title='bbox 264 1464 433 1561; x_wconf 85' lang='lat' dir='ltr'>insignem</span> <span class='ocrx_word' id='word_1_41' title='bbox 467 1464 617 1560; x_wconf 88' lang='lat' dir='ltr'>corporis</span> <span class='ocrx_word' id='word_1_42' title='bbox 644 1462 807 1552; x_wconf 82' lang='lat' dir='ltr'>formam,</span> <span class='ocrx_word' id='word_1_43' title='bbox 850 1469 883 1537; x_wconf 77' lang='grc' dir='ltr'>δι</span> <span class='ocrx_word' id='word_1_44' title='bbox 921 1467 1126 1560; x_wconf 73' lang='lat' dir='ltr'>praclarum</span> <span class='ocrx_word' id='word_1_45' title='bbox 1163 1466 1236 1539; x_wconf 88' lang='lat' dir='ltr'>ani-</span> 
     </span>
     <span class='ocr_line' id='line_1_9' title="bbox 263 1583 1237 1680; baseline 0.001 -24"><span class='ocrx_word' id='word_1_46' title='bbox 263 1609 376 1671; x_wconf 91' lang='lat' dir='ltr'>mum,</span> <span class='ocrx_word' id='word_1_47' title='bbox 401 1583 598 1656; x_wconf 88' lang='lat' dir='ltr'>volentibus</span> <span class='ocrx_word' id='word_1_48' title='bbox 615 1583 790 1656; x_wconf 85' lang='lat' dir='ltr'>Armeniis</span> <span class='ocrx_word' id='word_1_49' title='bbox 808 1583 967 1680; x_wconf 86' lang='lat' dir='ltr'>praefecit.</span> <span class='ocrx_word' id='word_1_50' title='bbox 999 1584 1237 1658; x_wconf 85' lang='lat' dir='ltr'>Ariobarzane</span> 
     </span>
     <span class='ocr_line' id='line_1_10' title="bbox 264 1700 1233 1800; baseline 0.001 -25"><span class='ocrx_word' id='word_1_51' title='bbox 264 1722 379 1776; x_wconf 85' lang='lat' dir='ltr'>morte</span> <span class='ocrx_word' id='word_1_52' title='bbox 394 1700 531 1775; x_wconf 66' lang='lat' dir='ltr'>fortuiti</span> <span class='ocrx_word' id='word_1_53' title='bbox 547 1702 743 1799; x_wconf 89' lang='lat' dir='ltr'>absumpto,</span> <span class='ocrx_word' id='word_1_54' title='bbox 773 1703 913 1799; x_wconf 87' lang='lat' dir='ltr'>stirpem</span> <span class='ocrx_word' id='word_1_55' title='bbox 930 1701 1001 1800; x_wconf 88' lang='lat' dir='ltr'>ejus</span> <span class='ocrx_word' id='word_1_56' title='bbox 1030 1704 1123 1775; x_wconf 90' lang='lat' dir='ltr'>haud</span> <span class='ocrx_word' id='word_1_57' title='bbox 1147 1706 1233 1776; x_wconf 90' lang='lat' dir='ltr'>tole-</span> 
     </span>
     <span class='ocr_line' id='line_1_11' title="bbox 264 1821 1236 1919; baseline -0.001 -23"><span class='ocrx_word' id='word_1_58' title='bbox 264 1824 408 1895; x_wconf 71' lang='lat' dir='ltr'>ravdre:</span> <span class='ocrx_word' id='word_1_59' title='bbox 456 1841 655 1919; x_wconf 88' lang='lat' dir='ltr'>tentatoque</span> <span class='ocrx_word' id='word_1_60' title='bbox 692 1821 829 1894; x_wconf 89' lang='lat' dir='ltr'>feminae</span> <span class='ocrx_word' id='word_1_61' title='bbox 867 1821 1025 1918; x_wconf 90' lang='lat' dir='ltr'>imperi0,</span> <span class='ocrx_word' id='word_1_62' title='bbox 1071 1822 1128 1894; x_wconf 84' lang='lat' dir='ltr'>eui</span> <span class='ocrx_word' id='word_1_63' title='bbox 1173 1849 1236 1896; x_wconf 90' lang='lat' dir='ltr'>no·</span> 
     </span>
     <span class='ocr_line' id='line_1_12' title="bbox 263 1939 1235 2039; baseline 0.001 -25"><span class='ocrx_word' id='word_1_64' title='bbox 263 1965 344 2014; x_wconf 90' lang='lat' dir='ltr'>men</span> <span class='ocrx_word' id='word_1_65' title='bbox 362 1943 481 2030; x_wconf 85' lang='lat' dir='ltr'>Erato,</span> <span class='ocrx_word' id='word_1_66' title='bbox 508 1943 617 2038; x_wconf 69' lang='lat' dir='ltr'>elque</span> <span class='ocrx_word' id='word_1_67' title='bbox 648 1940 745 2012; x_wconf 84' lang='lat' dir='ltr'>brevi</span> <span class='ocrx_word' id='word_1_68' title='bbox 777 1942 886 2036; x_wconf 73' lang='lat' dir='ltr'>pulszl,</span> <span class='ocrx_word' id='word_1_69' title='bbox 905 1939 1025 2013; x_wconf 88' lang='lat' dir='ltr'>incerti</span> <span class='ocrx_word' id='word_1_70' title='bbox 1050 1939 1235 2039; x_wconf 90' lang='lat' dir='ltr'>solutique,</span> 
     </span>
     <span class='ocr_line' id='line_1_13' title="bbox 264 2059 1234 2157; baseline 0.001 -24"><span class='ocrx_word' id='word_1_71' title='bbox 264 2065 298 2133; x_wconf 77' lang='grc' dir='ltr'>δι</span> <span class='ocrx_word' id='word_1_72' title='bbox 316 2060 428 2157; x_wconf 92' lang='lat' dir='ltr'>magis</span> <span class='ocrx_word' id='word_1_73' title='bbox 445 2064 513 2132; x_wconf 89' lang='lat' dir='ltr'>fine</span> <span class='ocrx_word' id='word_1_74' title='bbox 535 2060 694 2149; x_wconf 93' lang='lat' dir='ltr'>domino,</span> <span class='ocrx_word' id='word_1_75' title='bbox 721 2060 828 2156; x_wconf 73' lang='lat' dir='ltr'>quim</span> <span class='ocrx_word' id='word_1_76' title='bbox 856 2059 891 2130; x_wconf 93' lang='lat' dir='ltr'>in</span> <span class='ocrx_word' id='word_1_77' title='bbox 917 2060 1085 2149; x_wconf 84' lang='lat' dir='ltr'>libertate,</span> <span class='ocrx_word' id='word_1_78' title='bbox 1115 2061 1234 2157; x_wconf 85' lang='lat' dir='ltr'>profu-</span> 
     </span>
     <span class='ocr_line' id='line_1_14' title="bbox 264 2177 1236 2278; baseline 0.001 -26"><span class='ocrx_word' id='word_1_79' title='bbox 264 2205 349 2278; x_wconf 87' lang='lat' dir='ltr'>gum</span> <span class='ocrx_word' id='word_1_80' title='bbox 372 2183 544 2252; x_wconf 89' lang='lat' dir='ltr'>Vononen</span> <span class='ocrx_word' id='word_1_81' title='bbox 583 2179 619 2251; x_wconf 93' lang='lat' dir='ltr'>in</span> <span class='ocrx_word' id='word_1_82' title='bbox 662 2204 809 2276; x_wconf 93' lang='lat' dir='ltr'>regnum</span> <span class='ocrx_word' id='word_1_83' title='bbox 838 2177 1023 2275; x_wconf 88' lang='lat' dir='ltr'>accipiunt.</span> <span class='ocrx_word' id='word_1_84' title='bbox 1073 2180 1141 2253; x_wconf 87' lang='lat' dir='ltr'>Sed</span> <span class='ocrx_word' id='word_1_85' title='bbox 1174 2180 1236 2254; x_wconf 90' lang='lat' dir='ltr'>ubi</span> 
     </span>
     <span class='ocr_line' id='line_1_15' title="bbox 263 2295 1234 2393; baseline -0.001 -21"><span class='ocrx_word' id='word_1_86' title='bbox 263 2297 413 2372; x_wconf 88' lang='lat' dir='ltr'>minitari</span> <span class='ocrx_word' id='word_1_87' title='bbox 435 2302 644 2387; x_wconf 86' lang='lat' dir='ltr'>Artabanus,</span> <span class='ocrx_word' id='word_1_88' title='bbox 667 2302 701 2370; x_wconf 71' lang='lat' dir='ltr'>u</span> <span class='ocrx_word' id='word_1_89' title='bbox 728 2323 850 2393; x_wconf 90' lang='lat' dir='ltr'>parurn</span> <span class='ocrx_word' id='word_1_90' title='bbox 872 2295 1009 2372; x_wconf 78' lang='lat' dir='ltr'>subsidii</span> <span class='ocrx_word' id='word_1_91' title='bbox 1032 2297 1069 2370; x_wconf 90' lang='lat' dir='ltr'>in</span> <span class='ocrx_word' id='word_1_92' title='bbox 1106 2304 1234 2372; x_wconf 90' lang='lat' dir='ltr'>Arme·</span> 
     </span>
     <span class='ocr_line' id='line_1_16' title="bbox 264 2413 1232 2507; baseline 0.003 -18"><span class='ocrx_word' id='word_1_93' title='bbox 264 2416 341 2506; x_wconf 90' lang='lat' dir='ltr'>niis,</span> <span class='ocrx_word' id='word_1_94' title='bbox 370 2419 425 2490; x_wconf 91' lang='lat' dir='ltr'>vel</span> <span class='ocrx_word' id='word_1_95' title='bbox 455 2421 477 2490; x_wconf 83' lang='lat' dir='ltr'>si</span> <span class='ocrx_word' id='word_1_96' title='bbox 511 2417 622 2491; x_wconf 79' lang='lat' dir='ltr'>nostrzl</span> <span class='ocrx_word' id='word_1_97' title='bbox 660 2416 695 2489; x_wconf 85' lang='lat' dir='ltr'>vi</span> <span class='ocrx_word' id='word_1_98' title='bbox 723 2413 978 2507; x_wconf 88' lang='lat' dir='ltr'>defenderetur,</span> <span class='ocrx_word' id='word_1_99' title='bbox 1015 2419 1147 2490; x_wconf 92' lang='lat' dir='ltr'>bellum</span> <span class='ocrx_word' id='word_1_100' title='bbox 1171 2421 1232 2492; x_wconf 90' lang='lat' dir='ltr'>ad-</span> 
     </span>
     <span class='ocr_line' id='line_1_17' title="bbox 262 2535 1233 2632; baseline 0.002 -23"><span class='ocrx_word' id='word_1_101' title='bbox 262 2537 380 2610; x_wconf 75' lang='lat' dir='ltr'>versus</span> <span class='ocrx_word' id='word_1_102' title='bbox 396 2539 540 2609; x_wconf 91' lang='lat' dir='ltr'>Parthos</span> <span class='ocrx_word' id='word_1_103' title='bbox 557 2535 764 2610; x_wconf 90' lang='lat' dir='ltr'>sumendum</span> <span class='ocrx_word' id='word_1_104' title='bbox 781 2555 873 2621; x_wconf 90' lang='lat' dir='ltr'>erat;</span> <span class='ocrx_word' id='word_1_105' title='bbox 899 2538 1011 2609; x_wconf 71' lang='lat' dir='ltr'>redor</span> <span class='ocrx_word' id='word_1_106' title='bbox 1029 2537 1132 2632; x_wconf 88' lang='lat' dir='ltr'>Syriae</span> <span class='ocrx_word' id='word_1_107' title='bbox 1149 2538 1233 2611; x_wconf 89' lang='lat' dir='ltr'>Cre·</span> 
     </span>
     <span class='ocr_line' id='line_1_18' title="bbox 262 2653 1233 2745; baseline 0.001 -17"><span class='ocrx_word' id='word_1_108' title='bbox 262 2653 350 2728; x_wconf 89' lang='lat' dir='ltr'>ticus</span> <span class='ocrx_word' id='word_1_109' title='bbox 381 2655 514 2728; x_wconf 88' lang='lat' dir='ltr'>Silanus</span> <span class='ocrx_word' id='word_1_110' title='bbox 543 2655 696 2728; x_wconf 86' lang='lat' dir='ltr'>excitum</span> <span class='ocrx_word' id='word_1_111' title='bbox 728 2653 882 2727; x_wconf 59' lang='lat' dir='ltr'>custodi&amp;</span> <span class='ocrx_word' id='word_1_112' title='bbox 918 2656 1120 2745; x_wconf 83' lang='lat' dir='ltr'>circumdat,</span> <span class='ocrx_word' id='word_1_113' title='bbox 1158 2683 1233 2729; x_wconf 91' lang='lat' dir='ltr'>ma-</span> 
     </span>
     <span class='ocr_line' id='line_1_19' title="bbox 263 2774 1233 2871; baseline 0 -24"><span class='ocrx_word' id='word_1_114' title='bbox 263 2796 364 2847; x_wconf 88' lang='lat' dir='ltr'>nente</span> <span class='ocrx_word' id='word_1_115' title='bbox 386 2775 472 2846; x_wconf 87' lang='lat' dir='ltr'>luxu</span> <span class='ocrx_word' id='word_1_116' title='bbox 495 2778 528 2846; x_wconf 84' lang='lat'>&amp;</span> <span class='ocrx_word' id='word_1_117' title='bbox 553 2774 651 2871; x_wconf 91' lang='lat' dir='ltr'>regio</span> <span class='ocrx_word' id='word_1_118' title='bbox 679 2774 842 2847; x_wconf 90' lang='lat' dir='ltr'>nomine:</span> <span class='ocrx_word' id='word_1_119' title='bbox 874 2774 970 2870; x_wconf 93' lang='lat' dir='ltr'>quod</span> <span class='ocrx_word' id='word_1_120' title='bbox 988 2775 1178 2849; x_wconf 89' lang='lat' dir='ltr'>ludibrium</span> <span class='ocrx_word' id='word_1_121' title='bbox 1194 2796 1233 2849; x_wconf 87' lang='lat' dir='ltr'>ut</span> 
     </span>
     <span class='ocr_line' id='line_1_20' title="bbox 261 2891 1179 2990; baseline 0.002 -25"><span class='ocrx_word' id='word_1_122' title='bbox 261 2894 413 2990; x_wconf 81' lang='lat' dir='ltr'>effugere</span> <span class='ocrx_word' id='word_1_123' title='bbox 429 2891 611 2990; x_wconf 83' lang='lat' dir='ltr'>agitaverit</span> <span class='ocrx_word' id='word_1_124' title='bbox 627 2894 804 2982; x_wconf 89' lang='lat' dir='ltr'>Vonones,</span> <span class='ocrx_word' id='word_1_125' title='bbox 830 2892 867 2964; x_wconf 92' lang='lat' dir='ltr'>in</span> <span class='ocrx_word' id='word_1_126' title='bbox 883 2894 964 2965; x_wconf 90' lang='lat' dir='ltr'>loco</span> <span class='ocrx_word' id='word_1_127' title='bbox 983 2894 1179 2967; x_wconf 87' lang='lat' dir='ltr'>reddemus.</span> 
     </span>
    </p>

    <p class='ocr_par' dir='ltr' id='par_1_4' title="bbox 250 3010 1233 3945">
     <span class='ocr_line' id='line_1_21' title="bbox 310 3010 1233 3109; baseline 0.001 -26"><span class='ocrx_word' id='word_1_128' title='bbox 310 3014 354 3089; x_wconf 80' lang='lat' dir='ltr'>V.</span> <span class='ocrx_word' id='word_1_129' title='bbox 380 3012 575 3083; x_wconf 74' lang='lat' dir='ltr'>Caranum</span> <span class='ocrx_word' id='word_1_130' title='bbox 601 3010 747 3084; x_wconf 91' lang='lat' dir='ltr'>Tiberio</span> <span class='ocrx_word' id='word_1_131' title='bbox 773 3013 866 3084; x_wconf 87' lang='lat' dir='ltr'>haud</span> <span class='ocrx_word' id='word_1_132' title='bbox 897 3011 1074 3109; x_wconf 87' lang='lat' dir='ltr'>ingratum</span> <span class='ocrx_word' id='word_1_133' title='bbox 1107 3012 1233 3086; x_wconf 88' lang='lat' dir='ltr'>accidit</span> 
     </span>
     <span class='ocr_line' id='line_1_22' title="bbox 261 3128 1232 3226; baseline 0 -24"><span class='ocrx_word' id='word_1_134' title='bbox 261 3129 391 3203; x_wconf 88' lang='lat' dir='ltr'>turbari</span> <span class='ocrx_word' id='word_1_135' title='bbox 408 3154 460 3200; x_wconf 94' lang='lat' dir='ltr'>res</span> <span class='ocrx_word' id='word_1_136' title='bbox 471 3128 634 3219; x_wconf 89' lang='lat' dir='ltr'>Orientis,</span> <span class='ocrx_word' id='word_1_137' title='bbox 652 3150 691 3202; x_wconf 94' lang='lat' dir='ltr'>ut</span> <span class='ocrx_word' id='word_1_138' title='bbox 714 3133 753 3203; x_wconf 65' lang='lat' dir='ltr'>eb</span> <span class='ocrx_word' id='word_1_139' title='bbox 768 3129 878 3226; x_wconf 90' lang='lat' dir='ltr'>specie</span> <span class='ocrx_word' id='word_1_140' title='bbox 891 3131 1139 3205; x_wconf 90' lang='lat' dir='ltr'>Germanicum</span> <span class='ocrx_word' id='word_1_141' title='bbox 1159 3129 1232 3205; x_wconf 88' lang='lat' dir='ltr'>sue·</span> 
     </span>
     <span class='ocr_line' id='line_1_23' title="bbox 252 3247 1232 3348; baseline 0.002 -27"><span class='ocrx_word' id='word_1_142' title='bbox 252 3249 303 3322; x_wconf 83' lang='lat' dir='ltr'>&#39;tis</span> <span class='ocrx_word' id='word_1_143' title='bbox 336 3247 532 3345; x_wconf 89' lang='lat' dir='ltr'>legionibus</span> <span class='ocrx_word' id='word_1_144' title='bbox 574 3247 776 3321; x_wconf 81' lang='lat' dir='ltr'>abstraheret</span> <span class='ocrx_word' id='word_1_145' title='bbox 788 3277 798 3335; x_wconf 92' lang='lat'>;</span> <span class='ocrx_word' id='word_1_146' title='bbox 845 3248 1014 3348; x_wconf 85' lang='lat' dir='ltr'>novisque</span> <span class='ocrx_word' id='word_1_147' title='bbox 1045 3249 1232 3346; x_wconf 84' lang='lat' dir='ltr'>provinciis</span> 
     </span>
     <span class='ocr_line' id='line_1_24' title="bbox 259 3367 1231 3464; baseline -0.003 -21"><span class='ocrx_word' id='word_1_148' title='bbox 259 3367 474 3464; x_wconf 83' lang='lat' dir='ltr'>impositum,</span> <span class='ocrx_word' id='word_1_149' title='bbox 499 3367 583 3438; x_wconf 92' lang='lat' dir='ltr'>dolo</span> <span class='ocrx_word' id='word_1_150' title='bbox 602 3368 699 3439; x_wconf 86' lang='lat' dir='ltr'>fimul</span> <span class='ocrx_word' id='word_1_151' title='bbox 734 3371 916 3442; x_wconf 81' lang='lat' dir='ltr'>&amp;cafibus</span> <span class='ocrx_word' id='word_1_152' title='bbox 932 3367 1130 3464; x_wconf 69' lang='lat' dir='ltr'>objeelatet.</span> <span class='ocrx_word' id='word_1_153' title='bbox 1179 3373 1231 3440; x_wconf 93' lang='lat' dir='ltr'>At</span> 
     </span>
     <span class='ocr_line' id='line_1_25' title="bbox 259 3484 1230 3582; baseline 0.001 -24"><span class='ocrx_word' id='word_1_154' title='bbox 259 3485 332 3574; x_wconf 90' lang='lat' dir='ltr'>ille,</span> <span class='ocrx_word' id='word_1_155' title='bbox 367 3484 499 3582; x_wconf 76' lang='lat' dir='ltr'>quanto</span> <span class='ocrx_word' id='word_1_156' title='bbox 526 3484 658 3558; x_wconf 85' lang='lat' dir='ltr'>acriora</span> <span class='ocrx_word' id='word_1_157' title='bbox 689 3486 726 3559; x_wconf 92' lang='lat' dir='ltr'>in</span> <span class='ocrx_word' id='word_1_158' title='bbox 754 3513 835 3560; x_wconf 93' lang='lat' dir='ltr'>eum</span> <span class='ocrx_word' id='word_1_159' title='bbox 864 3487 974 3560; x_wconf 88' lang='lat' dir='ltr'>studia</span> <span class='ocrx_word' id='word_1_160' title='bbox 1002 3485 1165 3573; x_wconf 89' lang='lat' dir='ltr'>militum,</span> <span class='ocrx_word' id='word_1_161' title='bbox 1197 3489 1230 3559; x_wconf 77' lang='grc' dir='ltr'>δι</span> 
     </span>
     <span class='ocr_line' id='line_1_26' title="bbox 259 3601 1230 3700; baseline -0.002 -25"><span class='ocrx_word' id='word_1_162' title='bbox 259 3604 375 3677; x_wconf 88' lang='lat' dir='ltr'>aversa</span> <span class='ocrx_word' id='word_1_163' title='bbox 393 3602 503 3700; x_wconf 90' lang='lat' dir='ltr'>patrui</span> <span class='ocrx_word' id='word_1_164' title='bbox 520 3605 695 3694; x_wconf 86' lang='lat' dir='ltr'>voluntas,</span> <span class='ocrx_word' id='word_1_165' title='bbox 731 3608 921 3679; x_wconf 81' lang='lat' dir='ltr'>celerandae</span> <span class='ocrx_word' id='word_1_166' title='bbox 947 3601 1097 3677; x_wconf 76' lang='lat' dir='ltr'>vietoriae</span> <span class='ocrx_word' id='word_1_167' title='bbox 1118 3601 1230 3674; x_wconf 82' lang='lat' dir='ltr'>inten-</span> 
     </span>
     <span class='ocr_line' id='line_1_27' title="bbox 260 3719 1228 3820; baseline -0.001 -28"><span class='ocrx_word' id='word_1_168' title='bbox 260 3721 341 3812; x_wconf 89' lang='lat' dir='ltr'>tior,</span> <span class='ocrx_word' id='word_1_169' title='bbox 367 3725 510 3796; x_wconf 76' lang='lat' dir='ltr'>nauare</span> <span class='ocrx_word' id='word_1_170' title='bbox 528 3722 730 3818; x_wconf 78' lang='lat' dir='ltr'>proeliorum</span> <span class='ocrx_word' id='word_1_171' title='bbox 748 3723 834 3813; x_wconf 83' lang='lat' dir='ltr'>vias,</span> <span class='ocrx_word' id='word_1_172' title='bbox 860 3729 894 3797; x_wconf 75' lang='grc' dir='ltr'>δε</span> <span class='ocrx_word' id='word_1_173' title='bbox 909 3749 987 3820; x_wconf 88' lang='lat' dir='ltr'>quae</span> <span class='ocrx_word' id='word_1_174' title='bbox 1010 3719 1070 3793; x_wconf 87' lang='lat' dir='ltr'>fibi</span> <span class='ocrx_word' id='word_1_175' title='bbox 1087 3721 1228 3793; x_wconf 92' lang='lat' dir='ltr'>tertium</span> 
     </span>
     <span class='ocr_line' id='line_1_28' title="bbox 250 3838 1226 3945; baseline -0.002 -30"><span class='ocrx_word' id='word_1_176' title='bbox 250 3838 325 3945; x_wconf 82' lang='lat' dir='ltr'>jam</span> <span class='ocrx_word' id='word_1_177' title='bbox 336 3867 467 3919; x_wconf 85' lang='lat' dir='ltr'>annum</span> <span class='ocrx_word' id='word_1_178' title='bbox 490 3841 705 3941; x_wconf 87' lang='lat' dir='ltr'>belligeranti</span> <span class='ocrx_word' id='word_1_179' title='bbox 727 3840 815 3916; x_wconf 84' lang='lat' dir='ltr'>saeva</span> <span class='ocrx_word' id='word_1_180' title='bbox 836 3843 892 3915; x_wconf 86' lang='lat' dir='ltr'>vel</span> <span class='ocrx_word' id='word_1_181' title='bbox 917 3840 1074 3941; x_wconf 79' lang='lat' dir='ltr'>prospera</span> <span class='ocrx_word' id='word_1_182' title='bbox 1097 3839 1226 3923; x_wconf 85' lang='lat' dir='ltr'>evenis·</span> 
     </span>
    </p>
   </div>
   <div class='ocr_carea' id='block_1_3' title="bbox 0 0 1498 5138">
    <p class='ocr_par' dir='ltr' id='par_1_5' title="bbox 0 0 1498 5138">
     <span class='ocr_line' id='line_1_29' title="bbox 0 0 1498 5138; baseline 0 3"><span class='ocrx_word' id='word_1_183' title='bbox 0 0 1498 5138; x_wconf 95' lang='lat' dir='ltr'> </span> 
     </span>
    </p>
   </div>
  </div>
 </body>
</html>
