2986 5138
425 586 726 658 Annnmun
759 585 872 656 Lis.
906 582 969 658 ΙΙΙ.
1106 608 1171 686 175

208 759 235 794 ‘¹
255 750 451 828 interseeius
473 755 508 827 in
536 758 740 853 exemplum
768 757 855 830 ibit:
888 757 999 831 studia
1038 756 1100 847 illi,
1134 777 1174 830 ut

209 876 357 969 “plena
384 875 571 965 vecordiae,
596 875 643 948 ita
665 876 778 949 inania
803 882 837 949 δι
863 880 960 950 fluxa
982 875 1082 949 sunt:
1109 902 1173 950 nec

208 999 235 1034 “
254 993 447 1090 quidquam
465 1018 571 1090 grave
596 1020 636 1067 ac
659 991 784 1068 serium
809 1021 855 1068 ex
882 1019 924 1068 eo
941 1016 1087 1086 metuas,
1113 995 1174 1093 qui

208 1108 392 1184 “suorum
413 1111 484 1208 ipse
499 1112 709 1211 flagitiorum
729 1114 898 1210 proditor,
926 1140 997 1186 non
1018 1114 1175 1187 virorum

209 1238 237 1272 “
254 1230 389 1320 animis,
414 1230 471 1303 sed
495 1233 777 1306 muliercularum
801 1232 945 1330 adrepit.
994 1234 1102 1306 Cedat
1125 1255 1176 1307 ta·

208 1357 235 1393 “
255 1372 336 1422 men
357 1352 470 1442 Urbe,
495 1355 543 1440 tc,
565 1350 664 1422 bonis
685 1352 824 1441 amissrs,
849 1357 939 1449 aqufa
966 1355 999 1424 ἃ
1027 1350 1099 1450 igni
1122 1378 1176 1425 ar·

208 1475 237 1510 “
257 1489 399 1541 ceatur:
427 1469 521 1565 quod
553 1468 695 1564 perinde
720 1469 854 1560 censeo,
880 1496 920 1543 ac
951 1474 974 1543 fi
998 1472 1076 1567 lege
1101 1496 1176 1543 ma·

208 1594 235 1628 “
247 1585 373 1684 jestatis
397 1588 604 1660 teneretur.''

254 1708 318 1779 Ll.
343 1708 463 1780 Sosus
482 1707 622 1804 Lepido
649 1707 833 1781 Rubellius
864 1708 1014 1780 Blandus
1042 1733 1062 1782 e
1089 1734 1174 1782 con·

206 1822 370 1898 sularibus
386 1826 551 1900 adsensit:
579 1827 680 1900 ceteri
708 1826 907 1900 sententiam
932 1827 1099 1924 Agrippae
1125 1827 1175 1901 se·

207 1944 304 2031 cuti;
327 1944 517 2042 dubiusque
547 1947 584 2017 in
608 1972 778 2020 carcerem
806 1943 953 2035 Priscus,
987 1971 1027 2018 ac
1063 1947 1176 2020 statim

206 2062 433 2137 exanimatus.
483 2066 524 2137 ld
550 2064 712 2139 Tiberius
737 2063 841 2139 solitis
877 2064 937 2139 srbi
968 2065 1175 2163 ambagibus

205 2181 300 2278 apud
323 2179 477 2256 senatum
505 2183 685 2275 incusavit,
709 2186 793 2259 elim
815 2186 995 2258 extolleret
1022 2191 1050 2227 “
1068 2185 1174 2280 pieta·

207 2308 235 2344 ‘⁴
251 2322 337 2391 tem,
350 2303 511 2399 quamvis
527 2303 683 2377 modicas
700 2305 866 2402 Principis
892 2303 1028 2404 injurias
1055 2305 1176 2378 acriter

207 2428 235 2463 “
253 2420 522 2496 ulciscentium''
561 2425 812 2520 deprecaretur,
848 2431 961 2497 “tam
986 2423 1176 2520 praecipites

208 2543 442 2615 “verborum
466 2569 585 2639 poenas
600 2544 636 2614 :''
667 2544 820 2616 laudaret
842 2542 1033 2640 Lepidum,
1060 2567 1175 2639 neque

207 2660 406 2758 Agrippam
432 2681 601 2759 argueret.
661 2663 773 2760 Igitur
801 2661 931 2735 saelum
959 2659 1174 2735 senatuscon-

205 2778 346 2870 sultum,
387 2786 473 2852 “ne
506 2782 643 2854 decreta
675 2801 811 2877 patrum
844 2780 1045 2853 antediem
1079 2781 1173 2853 deci-

207 2904 234 2939 “
254 2923 367 2986 mum,
406 2897 449 2971 ad
481 2899 637 2972 aerarium
675 2897 910 2985 deferrentur3
947 2899 1053 2995 idque
1093 2900 1173 2973 vitae

208 3014 399 3111 “spatium
422 3016 593 3090 damnatis
619 3019 911 3115 prorogaretut·:''
946 3016 1003 3090 sed
1028 3043 1098 3090 non
1124 3017 1172 3090 se-

205 3134 300 3207 natui
327 3133 463 3208 libertas
484 3137 529 3209 ad
552 3136 787 3232 paenitendum
812 3158 905 3221 erat;
931 3160 1044 3234 neque
1065 3137 1173 3211 Tibe·

206 3254 274 3326 rius
297 3252 474 3350 interjeslu
495 3255 662 3352 temporis
684 3245 916 3353 mitigabatur.

244 3357 336 3447 LII.
362 3374 404 3445 C.
429 3374 715 3463 sermonen.
741 3375 909 3447 Haterius
937 3373 1091 3448 consules
1120 3375 1169 3448 se-

204 3510 370 3589 quuntur.
419 3491 619 3565 lnturbidus
637 3494 786 3566 externis
808 3496 908 3566 rebus
930 3519 1053 3582 annus,
1077 3494 1176 3566 dorni

185 3610 356 3711 ,suspecti
377 3609 552 3685 severitate
573 3613 758 3685 adversum
781 3614 919 3702 luxum,
945 3612 1005 3710 qui
1026 3613 1174 3687 immen-

206 3733 284 3804 'sum
307 3750 506 3827 proruperat
528 3733 572 3804 ad
598 3733 734 3821 cunda,
759 3733 836 3829 quls
858 3731 1003 3827 pecunia
1020 3733 1175 3832 prodigi·

98 3902 108 3924 .
204 3871 270 3921 tur.
320 3850 386 3922 Sed
408 3850 475 3922 alia
496 3848 710 3946 sumptuum,
732 3851 891 3947 quamvis
918 3850 1088 3947 graviora.
1109 3850 1175 3922 dis-

204 3968 364 4042 simulatis
391 3971 596 4067 plerumque
621 3970 749 4065 pretiis,
778 3971 1064 4054 occultabantur;
1090 3993 1173 4042 ven·
