2986 5138
428 535 735 608 Auusrrosr
767 535 879 608 Lis.
911 535 939 609 Ι.
1001 515 1004 520 .
1124 560 1172 636 25

200 710 228 749 “
246 729 332 801 ergo
348 699 502 777 senatum
533 703 796 797 consulendum,
825 706 981 804 quotiens
1007 702 1171 804 supplicia

199 831 227 866 “
245 844 303 896 aut
319 823 442 919 proelia
465 823 681 897 indicantiu:
702 852 746 898 an
772 825 912 922 praemia
926 824 987 901 sub
1003 827 1168 921 dominis,

199 952 227 988 “
246 970 365 1040 poenas
383 947 451 1016 fine
467 944 595 1018 arbitro
612 946 703 1017 esse?
718 946 740 976 '¹

247 1065 399 1137 XXVII.
432 1064 644 1136 Posrnsmo
672 1063 830 1137 deserunt
845 1064 1008 1154 tribunal,
1037 1087 1075 1139 ut
1092 1071 1169 1166 quis

197 1183 479 1281 praetorianorum
507 1182 669 1273 militum,
696 1183 930 1256 amicorumve
946 1183 1084 1257 Caesaris
1108 1213 1168 1261 oc-

196 1322 360 1392 curreret,
390 1328 511 1375 manus
527 1302 745 1393 intentantes,
777 1300 910 1376 causam
926 1301 1114 1394 discordiae,
1133 1311 1167 1379 a

195 1422 332 1495 initium
356 1448 554 1494 armorum:
590 1422 742 1494 maxime
771 1422 887 1495 infensi
915 1424 981 1495 Cn.
997 1426 1167 1518 Lentulo,

197 1541 293 1639 qubd
318 1541 346 1614 is
372 1561 451 1615 ante
479 1541 562 1614 alios
587 1563 683 1615 aetate
711 1546 743 1614 δι
771 1542 879 1639 glosis
906 1542 1001 1633 belli,
1030 1546 1168 1619 firmare

195 1661 347 1734 Drusum
369 1662 586 1751 credebatur,
616 1661 724 1734 &illa
739 1660 867 1733 militiae
883 1661 1012 1759 flagitia
1037 1662 1167 1759 primus

193 1780 372 1877 aspernari.
402 1781 480 1854 Nec
497 1779 608 1852 multi)
625 1781 700 1877 post
724 1779 976 1878 digredientem
992 1807 1073 1855 cum
1088 1785 1165 1857 Cae-

194 1900 277 1989 sare,
296 1926 336 1972 ac
353 1897 490 1996 provisu
507 1900 648 1996 periculi
664 1899 808 1973 hiberna
819 1899 923 1972 castra
939 1921 1167 1997 repetentem,

194 2018 455 2109 circumsistunt,
482 2020 681 2118 rogitantes,
705 2026 732 2061 “
751 2016 822 2115 qud
838 2023 1021 2116 pergeret?
1040 2022 1085 2093 ad
1100 2021 1167 2092 im·

195 2146 223 2181 “
240 2160 447 2236 peratorem,
478 2165 522 2211 an
537 2141 582 2212 ad
599 2142 736 2235 patres?
754 2158 793 2210 ut
818 2139 888 2213 illic
915 2164 1055 2238 quoque
1070 2166 1168 2213 com-

195 2264 224 2308 ‘-‘
242 2259 353 2332 modis
370 2259 549 2356 legionum
562 2256 818 2331 adversaretur?
835 2260 857 2290 ’'
875 2262 972 2332 simul
985 2260 1165 2358 ingruunt,

193 2374 273 2450 saxa
281 2377 413 2476 jaciunt
427 2408 435 2451 :
449 2377 594 2476 jamque
621 2369 742 2473 lapidis
759 2376 829 2449 istu
845 2399 1019 2468 cruentus,
1040 2383 1072 2451 δι
1090 2379 1165 2451 exi-¹

192 2495 230 2568 tii
246 2519 370 2589 certus,
399 2493 543 2571 adcursu
576 2496 816 2587 multitudinis,
848 2524 925 2595 quae
942 2524 1023 2572 cum
1052 2498 1167 2571 Druso

192 2617 389 2715 advenerat,
409 2619 583 2713 protedus
600 2617 659 2689 est.

239 2738 409 2810 XXVIII.
428 2739 604 2809 Nocrsrt
620 2735 805 2825 minacem,
836 2740 870 2809 st
887 2736 923 2809 in
939 2737 1045 2811 scelus
1062 2762 1165 2835 erup-

192 2875 319 2946 turam,
348 2856 418 2928 sors
445 2853 590 2928 lenivit:
608 2881 690 2928 nam
706 2857 788 2927 luna
803 2858 896 2928 claro
912 2857 1051 2952 repente
1080 2861 1168 2931 caelo

193 2973 263 3047 visa
276 2974 504 3074 languescere.
530 2975 572 3047 Id
588 2974 700 3064 miles,
729 2975 866 3048 rationis
882 2976 1033 3075 ignarus,
1060 3003 1165 3051 omen

192 3093 407 3191 presentium
424 3094 570 3191 accepit,
600 3120 639 3167 ac
655 3091 720 3166 suis
735 3094 909 3169 laboribus
936 3095 1164 3171 defeelionem

192 3215 306 3287 sideris
322 3215 540 3303 adsimulans,
561 3210 787 3310 prospereque
804 3215 932 3288 cessura
948 3243 1024 3313 quae
1042 3244 1164 3316 perge-

191 3353 281 3423 rent,
294 3336 316 3406 fi
327 3331 443 3431 fulgor
456 3337 488 3405 St
500 3331 669 3406 claritudo
679 3334 753 3406 deae
766 3334 974 3407 redderetur.
997 3336 1107 3432 Igitur
1116 3362 1164 3407 ae-

191 3451 236 3525 ris
253 3449 349 3542 sono,
367 3455 530 3526 tubarum
551 3477 789 3550 cornuumque
806 3470 976 3525 concentu
991 3453 1162 3549 strepere:

191 3589 294 3668 prout
326 3570 551 3668 splendidior,
578 3570 811 3662 obscuriorve,
841 3569 960 3660 laetari,
995 3588 1062 3642 aut'
1079 3597 1164 3645 urte-

106 3680 112 3691 ’
188 3714 285 3762 rere:
307 3693 340 3762 δι
360 3689 540 3787 postquam
564 3711 647 3765 ortae
675 3694 783 3765 nubes
800 3690 946 3762 offecsre
963 3687 1061 3779 visui,
1090 3716 1162 3763 cre-

188 3807 372 3905 ditumque
396 3810 571 3883 conditam
599 3811 769 3896 tenebris3
788 3831 827 3884 ut
853 3808 929 3882 sunt
957 3809 1103 3883 mobiles
1118 3812 1163 3884 ad

187 3925 458 4026 superffitionem
474 3929 633 4026 perculsae
648 3928 752 4003 semel
777 3949 925 4020 mentes,
941 3935 969 3972 ‘⁴
989 3928 1049 4002 fibi
1065 3949 1163 4004 aeter·
