2986 5138
431 552 734 621 Arruntium
767 545 962 620 Lra.VI.
1159 574 1226 646 313

259 720 321 793 teri
351 720 435 818 ejus,
467 723 534 794 Cn.
564 720 751 809 Domitius,
777 720 899 793 Vibius
917 719 1064 810 Marsus,
1095 722 1141 792 L.
1160 725 1226 792 Ar·

260 840 403 912 runtius.
454 841 510 910 De
536 840 736 912 claritudine
753 838 900 910 Domitii
928 839 1028 935 supra
1055 865 1230 911 memora-

260 958 295 1030 vi
313 987 321 1029 ε
348 956 482 1029 Marsus
502 983 643 1054 quoque
659 957 797 1030 vetustis
813 957 1012 1048 honoribus,
1032 957 1230 1031 &inlustris

260 1075 380 1148 studiis
413 1095 495 1146 erat.
546 1076 612 1147 Sed
651 1076 830 1148 “testium
858 1075 1131 1173 interrogationi,
1159 1097 1229 1149 tot-

262 1200 289 1235 “
307 1193 432 1266 mentis
449 1193 625 1266 servorum
647 1198 853 1267 Macronem
873 1194 1100 1291 presediffe,''
1132 1221 1228 1268 com-

261 1313 419 1385 mentarii
443 1315 486 1384 ad
503 1312 657 1386 senatum
685 1314 771 1385 rniffr
794 1313 970 1400 serebant;
993 1316 1167 1410 nullaeque
1195 1314 1231 1385 in

262 1456 320 1503 eos
337 1432 560 1527 Imperatoris
578 1433 699 1522 literae,
718 1432 946 1530 suspicionem
965 1436 1106 1522 dabant,
1133 1433 1229 1503 inva-

259 1549 332 1620 lido
348 1576 388 1621 ac
405 1548 538 1622 sortasse
556 1551 689 1647 ignaro,
710 1556 788 1624 fida
806 1556 981 1651 pleraque,
1008 1557 1055 1626 ob
1080 1551 1229 1624 inimici·

260 1667 323 1740 tias
348 1670 528 1743 Macronis
557 1692 655 1742 notas
684 1671 718 1742 in
748 1672 966 1744 Arruntium.

307 1789 475 1859 XLVIII.
501 1791 640 1861 loiron
664 1790 843 1861 Domitius
859 1790 1091 1862 defensionem
1118 1789 1229 1862 medi-

258 1927 349 1995 tans,
377 1905 512 1978 Marsus
530 1929 709 2002 tamquam
728 1909 878 1981 inediam
896 1910 1138 1998 destinavisset,
1152 1935 1231 2004 pro·

259 2025 527 2097 duxdrevitam.
579 2027 777 2116 Arruntius,
797 2029 1050 2099 crrnslationem
1086 2032 1119 2098 a
1154 2053 1229 2098 mo·

258 2169 313 2216 ras
340 2142 561 2216 suadentibus
590 2144 722 2233 amicis,
753 2148 878 2215 “Non
912 2147 1033 2217 eadem
1065 2144 1229 2216 omnibus

260 2270 287 2305 “
306 2264 471 2352 decora,''
498 2262 671 2360 respondit
689 2293 697 2334 ι
739 2271 766 2304 “
783 2262 842 2336 fibi
859 2263 934 2336 satis
951 2264 1058 2337 aetatis
1076 2292 1083 2334 :
1116 2287 1230 2358 neque

260 2389 288 2425 “
307 2384 402 2455 aliud
420 2383 671 2477 paenitendum,
696 2384 803 2480 quam
830 2382 940 2479 quod,
964 2383 1052 2454 inter
1081 2381 1229 2453 ludibria

259 2510 286 2544 “
308 2508 340 2574 ὅτ
361 2501 524 2596 pericula,
558 2502 698 2574 anxiam
727 2501 895 2574 senesiam
922 2500 1140 2589 toleravisset,
1167 2498 1230 2571 diu

159 2680 162 2686 ,
259 2626 286 2661 “
304 2618 439 2714 Sejan0,
459 2645 551 2691 nunc
568 2621 743 2708 Macroni,
767 2620 900 2715 semper
917 2620 1019 2693 alicui
1034 2618 1228 2717 potentium

258 2742 286 2778 “
304 2734 456 2820 invisus;
487 2762 557 2807 non
585 2741 699 2833 culpa,
729 2738 787 2810 sed
817 2761 854 2809 ut
882 2739 1092 2834 flagitiorum
1116 2739 1227 2834 impa-

259 2861 287 2897 “
304 2853 404 2926 tiens.
454 2853 539 2924 Sane·
563 2881 689 2949 paucos
719 2863 752 2929 ὃς
778 2857 953 2952 supremos
969 2857 1140 2952 Principis
1156 2857 1228 2929 dies

256 2982 284 3017 “
303 2975 398 3070 poll'e
416 2972 540 3057 vitari;
568 2976 866 3069 quemadmodum
896 2971 1076 3046 evasurum
1111 2975 1226 3046 immi-

258 3101 285 3137 “
306 3090 633 3187 nentisjuventam?
665 3100 725 3165 An
751 3094 833 3165 cum
857 3090 1032 3182 Tiberius,
1059 3093 1134 3187 post
1151 3113 1226 3165 tan·

257 3220 285 3254 “
304 3233 375 3283 tam
392 3236 505 3282 retum
522 3212 788 3307 experientiam,
819 3211 854 3283 vi
876 3210 1118 3283 dominationis
1142 3237 1225 3283 con·

257 3337 284 3372 “
305 3330 420 3401 vulsus
451 3335 483 3401 ὅτ
512 3349 663 3402 mutatus
686 3334 738 3419 srt,
769 3331 811 3401 C.
829 3329 1012 3419 Caesarem,
1042 3329 1101 3401 vix
1131 3331 1226 3404 finitis

257 3455 284 3488 “
305 3447 462 3542 pueritib,
485 3446 646 3544 ignarum
663 3446 836 3537 omnium,
865 3469 922 3520 aut
951 3448 1098 3544 pessimis
1124 3449 1225 3521 innu-

256 3573 285 3608 “
304 3565 439 3653 tritum,
468 3566 611 3638 meliora
628 3569 882 3662 capessiturum,
908 3570 1078 3639 Macrone
1104 3570 1222 3639 duce?

256 3690 282 3726 ‘⁴
302 3683 375 3780 qui,
405 3704 444 3755 ut
478 3683 641 3773 deterior,
678 3687 722 3756 ad
759 3685 1031 3781 opprimendum
1062 3684 1224 3782 Sejanum

256 3810 282 3845 “
301 3804 467 3889 dolestos,
510 3804 608 3898 plura
635 3829 694 3899 per
717 3802 839 3875 scelera
862 3804 1113 3901 rempublicam
1140 3829 1223 3874 con-

256 3929 282 3964 “
302 3922 504 3996 flidaviss'et.
544 3921 761 4019 Prospeslare
770 3921 846 4019 jam
865 3920 896 3995 se
909 3922 1018 3996 acrius
1035 3921 1222 4013 servitium,

732 4044 766 4112 Y
