2986 5138
1098 561 1187 641 xrnrl

211 729 249 828 J.
269 728 449 804 Gronovio
473 723 614 827 aliisque
641 752 789 802 errorem
805 743 933 818 errent,
961 751 1024 802 nec
1048 749 1186 826 putent,

211 849 418 925 Beroaldum
447 847 550 922 ctiam
578 847 728 946 reliquos
752 847 867 923 Taciti
890 849 994 923 libros
1022 854 1118 922 Ann.
1152 853 1188 923 δι

214 969 448 1045 Historiarum
466 970 576 1042 eMS.
594 970 623 1040 F
625 967 808 1058 lorentin0‚
825 968 1095 1065 Langobardico
1112 969 1187 1061 illo,

212 1088 380 1162 edidisse:
420 1089 518 1186 quod
544 1085 753 1160 salsissimum
781 1086 862 1176 else,
892 1112 950 1160 me
977 1112 1030 1160 res
1056 1089 1189 1164 docuit.

213 1206 292 1305 lpsa
308 1205 583 1304 praefatiuncula‚
605 1207 642 1278 &
666 1205 859 1280 admonitio
876 1205 921 1278 de
938 1204 1072 1279 mendis
1086 1226 1189 1303 typo·

216 1325 406 1425 graphicis,
435 1325 527 1402 libro
553 1325 675 1424 quinto
703 1323 866 1423 subjecta,
890 1325 1017 1399 docere
1044 1345 1195 1422 poterat,

215 1445 422 1519 Beroaldum
434 1444 590 1544 quinque
606 1445 683 1519 illos
699 1446 802 1519 libros
817 1464 955 1518 tantum
971 1468 991 1517 e
1006 1445 1085 1518 MS.
1102 1447 1190 1518 Cot·

216 1564 342 1638 beienfi
359 1563 512 1639 edidisse.
561 1567 657 1638 Nam
674 1567 760 1638 altet
775 1564 834 1639 ille
855 1565 996 1654 Codex,
1019 1563 1192 1640 incertum

214 1683 279 1775 est,
307 1709 351 1756 an
368 1702 444 1756 tum
454 1680 531 1781 jam
554 1683 736 1757 Florentiae
752 1681 866 1757 suerit.
898 1682 933 1755 Si
954 1681 1030 1771 fuit,
1049 1683 1135 1779 quid
1152 1684 1191 1757 id

214 1803 260 1876 ad
287 1804 510 1892 Beroaldum,
537 1801 598 1900 qui
627 1807 755 1876 Romae
785 1801 883 1876 erat?
918 1805 1102 1900 Agebatur
1122 1805 1191 1879 hoc

213 1939 363 2013 tantum,
380 1941 418 1994 ut
430 1921 508 1994 libri
524 1923 684 2003 nondum
700 1921 785 1995 editi
801 1923 1035 2020 vulgarentur.
1069 1923 1192 2020 ltaque

216 2045 251 2114 δι
269 2041 432 2138 exempla
447 2041 653 2115 Beroaldina
663 2041 893 2138 reperiuntur,
918 2041 955 2113 in
972 2040 1100 2138 quibus
1116 2063 1193 2116 tau·

215 2179 294 2233 tum
321 2160 401 2234 libri
426 2160 475 2233 illi
507 2160 609 2257 primi
634 2185 654 2234 e
680 2159 815 2234 Codice
842 2158 1040 2233 Corbeiensr
1066 2159 1192 2236 insunt.

215 2279 327 2353 Ceteri
344 2279 449 2378 igitur
466 2280 573 2353 additi
588 2279 664 2353 sunt
688 2305 733 2353 ex
749 2279 900 2355 editione
923 2282 980 2353 Fr.
1001 2281 1195 2357 Puteolani.

215 2398 324 2498 Cujus
352 2400 400 2473 tei
417 2399 587 2473 indicium
609 2401 666 2473 vel
684 2401 753 2473 hoc
780 2400 844 2491 est,
870 2401 969 2497 quod
996 2398 1109 2473 Libro
1126 2403 1192 2475 XI.

216 2523 395 2618 praeposita
407 2520 455 2594 est
469 2519 650 2593 Puteolani
666 2517 835 2617 praelatio.
868 2517 1064 2593 Plauiffime
1077 2539 1195 2594 autem

215 2637 285 2713 hoc
301 2665 359 2712 me
373 2637 496 2712 docuit
512 2657 628 2712 textus
653 2638 807 2713 Romani
832 2639 936 2736 ipsius
959 2663 1042 2712 cum
1058 2641 1195 2714 Veneto

216 2756 439 2856 comparatio.
466 2757 607 2832 Etenim
619 2756 707 2849 vidi,
720 2758 805 2832 locis
819 2756 954 2855 oppido
965 2757 1082 2854 paucis
1093 2758 1194 2834 illum

217 2881 263 2952 ab
285 2880 353 2952 hoc
374 2876 588 2975 discrepare:
616 2877 722 2952 ficubi
744 2873 926 2975 discrepet,
956 2876 993 2950 id
1020 2898 1081 2951 aut
1106 2879 1193 2954 vitio

216 3021 411 3092 operarum,
428 3016 486 3070 aut
498 2997 699 3071 comestoris
716 2997 896 3071 sedulitate
907 2996 1052 3088 saelum,
1070 3018 1107 3072 ut
1123 2999 1194 3074 sere

217 3114 345 3189 accidit
366 3114 404 3189 in
420 3115 585 3191 omnibus
601 3117 727 3192 talibus
748 3117 855 3192 libris.
883 3116 976 3213 (vid.
1007 3143 1086 3214 quae
1108 3143 1195 3192 mox

217 3235 264 3308 de
288 3233 419 3310 Aldina
439 3236 496 3308 ed.
518 3235 698 3331 dicentur)
748 3237 816 3310 Sed
844 3233 1106 3310 Mediolanense
1132 3261 1195 3308 ex·

88 3451 90 3454 ,
217 3355 376 3452 emplum
401 3380 473 3428 non
498 3354 666 3446 habuisse,
700 3380 764 3430 nec
792 3354 904 3452 operis
925 3353 1196 3451 exprimendum

217 3473 345 3549 dedisse
375 3475 598 3566 Beroaldum,
628 3499 734 3572 parva
758 3498 811 3546 res
837 3471 967 3545 indicio
991 3471 1049 3543 est.
1098 3473 1196 3545 Nam

218 3591 256 3665 in
273 3591 474 3692 praefatione
489 3593 685 3684 Puteolani,
711 3617 818 3691 quam
836 3590 1018 3687 repetitam
1038 3588 1103 3662 else
1120 3589 1196 3663 dixi

216 3710 253 3784 iu
268 3712 421 3788 editione
447 3713 666 3802 Beroaldina,
691 3712 786 3785 idem
813 3734 906 3783 error
922 3734 1105 3806 operarum
1131 3710 1194 3802 est,

220 3829 328 3903 Veteri
352 3857 415 3928 pro
441 3832 552 3904 Veneti
573 3830 857 3929 exprimentium,
885 3827 945 3926 qui
973 3827 1007 3901 in
1036 3829 1192 3916 Veneta3

220 3973 303 4023 cum
338 3949 375 4023 in
401 3951 655 4027 Mediolanensi
684 3950 793 4023 Veneti
822 3953 872 4024 sit.
928 3951 1048 4047 Itaque
1077 3949 1196 4025 frustra
