2986 5138
334 587 400 655 ¹40
525 559 1094 636 C.C0nuaa11Tnc1r1

766 691 775 717 .

321 760 390 807 non
400 735 514 825 alacri,
540 757 579 808 ut
591 734 732 825 adsolet,
758 736 918 834 remigio,
944 736 1002 808 sed
1018 734 1150 809 cunstis
1161 735 1206 807 ad
1218 733 1292 808 trif-

318 853 429 926 titiam
454 854 660 952 compostis.
708 856 897 953 Postquam
921 857 1059 928 duobus
1075 881 1156 927 cum
1177 855 1291 928 liberis

319 969 458 1045 feralem
470 1000 592 1047 urnam
604 995 723 1047 tenens
735 977 866 1072 egressa
878 974 975 1064 navi,
1000 974 1123 1046 defixit
1142 976 1289 1059 oculos;

321 1090 414 1165 idem
432 1095 592 1167 omniurn
610 1093 772 1193 gemitus,
801 1119 916 1191 neque
931 1090 1147 1183 discerneres,
1174 1094 1291 1190 proxi-

324 1237 414 1301 mos,
453 1212 597 1302 alienos,
634 1212 790 1286 virorum
822 1212 1077 1286 feminarumve
1110 1215 1291 1310 planstus:

322 1331 382 1404 nisi
400 1330 496 1428 qubd
512 1332 718 1405 comitatum
735 1332 943 1430 Agrippinae
955 1333 1064 1429 longo
1078 1357 1224 1404 maerore
1234 1329 1294 1404 fes·

321 1446 409 1539 sum,
436 1449 533 1523 obvii
544 1456 578 1524 ὃ(
589 1471 741 1525 recentes
758 1450 794 1523 in
809 1452 929 1525 dolore
941 1451 1126 1524 anteibant.

371 1572 415 1642 II.
429 1571 619 1643 Mrsaanr
633 1572 717 1643 duas
730 1570 904 1667 praetorias
917 1572 1070 1643 cohortes
1083 1569 1207 1658 Caesar,
1234 1569 1293 1643 ad·

324 1687 399 1760 dito
417 1695 495 1760 “ut
510 1688 724 1787 magistratus
741 1688 923 1779 Calabria,
950 1689 1174 1786 Apulique&
1188 1690 1291 1762 Cam-

324 1815 351 1850 “
370 1807 463 1903 pani,
486 1805 647 1903 suprema
662 1832 743 1906 erga
760 1808 963 1881 memoriam
991 1807 1052 1879 filii
1076 1805 1127 1880 sui
1149 1834 1292 1881 munera

324 1933 352 1968 “
369 1925 631 2025 fungerentur.'’
680 1927 791 2026 Igitur
802 1927 1021 2001 tribunonrm
1032 1925 1290 2000 centurionum·

322 2071 391 2143 que
419 2046 571 2118 humeris
603 2046 733 2119 cineres
766 2049 1016 2143 portabantur:
1053 2045 1292 2143 praecedebant

321 2164 501 2261 incompta
525 2169 633 2262 signa,
659 2169 742 2240 versi
771 2163 899 2239 fasces:
925 2186 1029 2263 atque
1053 2165 1115 2238 ubi
1140 2165 1292 2238 colonias

322 2281 644 2381 transgrederentur,
677 2304 784 2358 atrata
809 2281 940 2382 plebes,
980 2285 1122 2373 trabeati
1146 2284 1296 2383 equites,

323 2428 388 2499 pro
404 2402 530 2498 opibus
546 2403 626 2492 loci,
653 2403 795 2493 vestem,
822 2405 958 2494 odores,
984 2404 1119 2502 aliaque
1131 2403 1294 2478 fimerum

322 2520 499 2593 sollemnia
509 2523 732 2595 cremabant:
759 2523 863 2596 etiam
876 2549 1028 2619 quorum
1044 2521 1175 2596 diversa
1190 2522 1291 2620 oppi-

323 2640 382 2728 da,
409 2658 525 2711 tamen
541 2639 652 2730 obvii,
679 2645 713 2714 a
730 2641 886 2715 viffimas
902 2663 1005 2740 atque
1014 2668 1088 2715 aras
1099 2641 1164 2715 diis
1173 2642 1293 2715 Mani-

321 2762 386 2832 bus
403 2759 599 2850 statuentes,
627 2760 775 2833 lacrimis
792 2765 825 2833 &
843 2761 1177 2835 conclamationibus
1192 2763 1292 2833 dolo-

320 2905 395 2951 rem
420 2879 639 2952 testabantur.
688 2880 821 2954 Drusus
843 2881 1070 2954 Tarracinam
1097 2883 1291 2977 progressus

321 2999 383 3088 est,
409 3025 490 3072 cum
503 2998 650 3071 Claudio
659 2999 775 3090 fratre3
795 2998 977 3097 liberisque
994 2999 1207 3090 Gennanici‚
1227 3000 1290 3095 qui

322 3118 357 3189 in
369 3120 470 3191 Urbe
481 3117 624 3190 fuerant.
675 3118 838 3192 Consules
852 3122 908 3192 M.
934 3120 1089 3192 Valerius
1106 3123 1139 3191 δι
1156 3120 1198 3189 C.
1216 3123 1292 3191 Au·

321 3237 425 3310 relius
437 3235 525 3336 (jam
541 3237 633 3311 enim
651 3238 886 3336 magistratum
897 3240 1136 3336 occoeperant)
1151 3244 1184 3311 δι
1196 3238 1290 3311 sena·

321 3377 389 3446 tus,
417 3383 457 3431 ac
474 3383 601 3455 magna
618 3383 696 3454 pars
714 3356 835 3455 populi
852 3358 945 3431 viam
962 3359 1193 3456 complevere,
1219 3357 1290 3430 dis·

315 3473 412 3572 jecta
440 3481 473 3549 ἃ
487 3497 524 3549 ut
537 3476 662 3574 cuique
672 3475 824 3567 libitum,
851 3481 997 3551 flentes:
1025 3481 1140 3551 aberat
1159 3474 1292 3572 quippe

321 3594 486 3684 adulatio,
514 3595 628 3692 gnaris
640 3595 804 3669 omnibus
816 3597 932 3670 laetarn
947 3596 1089 3668 Tiberio
1107 3594 1289 3669 Germani·

322 3713 353 3784 ci
369 3734 519 3786 mortem
537 3714 626 3786 male
641 3713 853 3787 diffimulari.

368 3833 430 3903 Ill.
455 3834 652 3904 Traanrus
684 3851 788 3928 atque
820 3835 981 3932 Augusta
1013 3833 1157 3929 publico
1188 3833 1289 3907 absti-

323 3951 427 4022 nuere
437 3978 447 4035 ;
475 3948 615 4025 inferius
630 3949 801 4048 majestate
813 3950 873 4027 sual
887 3952 966 4045 rati,
991 3953 1144 4049 srpalam
1156 3955 1289 4027 lamen·
