2986 5138
352 589 439 671 xviii

353 790 454 840 concon
468 765 648 862 diligentiis
662 762 852 860 observavit.
891 764 971 859 Jan
987 767 1116 860 constlia,
1136 776 1222 861 aba,
1234 794 1333 848 coen.

353 898 417 971 tus,
436 898 484 971 ut,
508 885 557 956 dii
570 887 648 971 boni,
668 887 836 982 expendit!
858 886 898 958 ὅ
912 887 951 960 de
974 889 1101 977 confiliis
1127 896 1204 988 quid
1212 895 1335 991 probet,

353 1006 430 1101 quid
454 1029 522 1076 non.
564 1004 602 1074 In
630 1006 719 1075 rebus
737 1005 831 1100 gestis
852 1030 908 1076 non
922 1008 1025 1099 solun
1049 1009 1126 1103 quid
1141 1020 1256 1099 anum,
1270 1014 1336 1110 sed

352 1126 454 1221 quale.
503 1122 558 1194 De
579 1135 692 1194 eventu
716 1131 790 1194 verb
814 1148 912 1194 omnes
939 1124 1045 1220 causas
1069 1131 1216 1225 explieat,
1246 1132 1334 1226 cousus

340 1242 524 1338 sapientie,
555 1244 767 1323 temeritatis‚·
788 1243 939 1314 homiuum
965 1264 1058 1341 porro
1084 1273 1141 1320 nou
1154 1251 1257 1343 solum
1283 1275 1335 1323 res

351 1361 462 1457 gestas,
476 1360 536 1452 sed
561 1384 629 1456 quae
641 1360 751 1452 saona,
775 1361 853 1454 quod
873 1385 991 1448 nomen,
1024 1390 1093 1458 que
1115 1384 1241 1458 natura,
1264 1394 1334 1470 quae

353 1482 438 1551 uita.
489 1478 562 1576 Quo
577 1474 709 1567 artifieio
732 1500 830 1548 omnes
854 1479 922 1550 med
940 1476 1102 1570 sententib
1115 1485 1220 1575 facile
1235 1493 1332 1574 vicit,

354 1604 403 1671 itu
416 1597 521 1670 creber
535 1598 840 1694 renumfrequentib,
866 1611 901 1668 ut
922 1600 1085 1671 verborum
1105 1610 1202 1696 propt
1226 1629 1335 1678 nune.

355 1741 424 1790 runc
436 1719 667 1810 sententiarum
698 1739 820 1788 numero
838 1717 1017 1811 sequatur;
1053 1721 1102 1789 ita
1130 1719 1201 1788 dein
1228 1725 1335 1795 verbis

354 1852 448 1937 optus
464 1839 504 1911 ὅ
513 1838 642 1935 preffus,
669 1849 705 1907 ut
721 1835 836 1929 nostias
851 1840 955 1906 utrum
972 1859 1022 1907 res
1035 1838 1181 1922 oratione,
1202 1860 1245 1907 an
1256 1860 1337 1909 ver-

353 1961 394 2031 ba
408 1959 578 2054 sententiis
594 1958 796 2048 illustrentur.
849 1953 888 2024 In
904 1958 1090 2027 concionibus
1118 1956 1228 2048 (audeo
1253 1960 1336 2028 cuiun

350 2097 493 2175 pnoomue
515 2075 593 2172 quod
608 2073 728 2166 sentio)
747 2070 846 2144 Livio
862 2099 977 2171 quoque
990 2075 1217 2169 anteferendus,
1232 2079 1334 2172 nuogis

354 2212 458 2267 tamen
481 2194 621 2284 Sallustii
635 2203 778 2285 augutam
793 2192 979 2282 deofitatem,
999 2197 1092 2291 quin
1112 2195 1205 2290 hujus
1218 2196 1337 2290 ampli·

355 2315 492 2386 tudinem
517 2316 670 2383 imitatus.
719 2310 815 2382 Hunc
836 2315 941 2408 priano
968 2315 1081 2408 legens,
1107 2315 1249 2386 laudabis
1269 2315 1336 2386 elo·

357 2435 539 2530 quentiaon‚·
563 2437 629 2503 cum
646 2433 759 2503 itanum
775 2434 808 2501 in
825 2431 1121 2528 mouussunnpseois,
1136 2436 1248 2504 uuinton
1260 2457 1340 2503 acu-

356 2576 425 2623 men
440 2551 653 2647 deprehendes,
669 2552 709 2624 &
724 2552 900 2636 minaberis,
922 2553 975 2622 ubi
991 2552 1233 2623 contubernalem
1261 2552 1337 2623 red·

355 2672 487 2757 dideris,
501 2673 592 2765 sepe
608 2667 778 2760 artificiosi
795 2670 913 2743 docebit
934 2673 1104 2759 varietate,
1127 2672 1336 2768 inmensique

347 2790 548 2889 jucunditate
563 2791 729 2861 delectabit
744 2801 769 2858 ¹.
785 2794 806 2839 ’'⁴‘'

406 2912 589 2983 Lnuoum
619 2907 875 3007 magnitudine,
900 2902 1023 3004 majori
1048 2909 1161 3005 operis
1185 2909 1335 2983 admira·

356 3027 465 3117 tione,
491 3028 642 3101 excitato
665 3029 749 3100 orbe
772 3025 934 3116 literario‚
960 3027 995 3098 in
1019 3026 1143 3101 muscis
1170 3027 1336 3102 omnibus

357 3150 552 3244 quaefitum,
579 3145 706 3242 siquid
722 3144 818 3218 aliud
835 3144 922 3218 tanti
948 3145 1014 3219 viri
1036 3145 1226 3245 supereffet.
1277 3154 1334 3222 Ac

355 3266 499 3339 tandem
516 3264 552 3337 in
569 3264 764 3338 Corbeienso
781 3267 795 3299 ⁸
812 3264 857 3336 ad
875 3262 1050 3362 Visurgim
1062 3265 1267 3340 monasterio
1289 3268 1336 3341 ab

356 3387 499 3486 Angelo
512 3384 769 3476 Arcomboldo,
786 3383 919 3458 Leonis
931 3388 966 3459 X
983 3384 1162 3460 Pontificio
1178 3385 1334 3459 Maximi

404 3608 415 3637 ⁸
437 3602 480 3660 Ex
499 3600 661 3679 praefatione
682 3598 815 3660 editionis
841 3598 995 3670 Puteolani,
1022 3600 1127 3679 Jacobo
1153 3600 1331 3680 Antiquam,

357 3701 458 3761 Ducali
472 3700 634 3771 secretario,
653 3698 794 3778 inscripti.

399 3804 413 3832 ²
432 3797 569 3874 L’Abbayc
585 3801 615 3857 de
628 3801 736 3874 Coovey,
756 3821 786 3855 en
800 3798 968 3876 Wcstpbalc'c:
987 3799 1063 3857 locus
1076 3798 1216 3877 religionis
1230 3806 1255 3858 bc
1268 3798 1331 3858 lite-

359 3916 448 3955 rarum
470 3895 564 3957 studiis
580 3897 782 3959 celeberrimus.
822 3897 949 3980 Visurgis
967 3913 1059 3957 autem
1081 3898 1191 3966 fluvius,
1211 3919 1283 3959 nunc
1305 3899 1331 3956 lc

361 3998 456 4070 Wlser.
