2986 5138
1179 516 1242 590 xxi

261 679 456 756 contulisset
472 715 498 754 ι.
532 682 678 782 Ingenio
690 682 899 782 eruditisque
911 684 1167 760 commentariis
1182 705 1238 759 ut·
1276 708 1284 725 ³

260 824 415 896 cumque
439 799 475 873 id
499 799 683 899 supplevit,
713 808 747 876 δι
771 802 960 877 editionem
983 803 1102 877 ceteris
1122 804 1237 877 omni-

260 920 341 1007 bus,
369 945 448 1016 quae
473 921 553 993 ante
579 922 777 1019 prodierant
803 921 1083 1018 praestantiorem,
1109 927 1237 1020 magud

261 1062 343 1110 cum
360 1038 511 1112 nominis
526 1038 575 1112 sui
591 1039 702 1138 gloria
719 1040 921 1136 Antverpiae
938 1039 1129 1136 publicavit
1144 1068 1237 1115 anno

260 1181 462 1231 Munxxrv.
512 1162 632 1257 Quam
659 1158 777 1256 postea
802 1160 847 1231 ad
874 1183 1006 1231 annum
1021 1157 1129 1253 usque
1153 1173 1257 1231 unc·

258 1275 349 1373 saepe
377 1277 584 1365 tetradiavit,
621 1277 835 1367 emendavit,
869 1275 1119 1371 melioremque
1145 1275 1238 1351 fecit.

259 1396 302 1467 In
328 1395 396 1467 hoc
423 1395 543 1493 gloriae
566 1392 633 1469 suae
659 1396 877 1469 monimento
901 1393 1013 1467 rursus
1035 1395 1238 1469 adornando

258 1512 467 1586 immortuus
483 1513 531 1590 est
546 1538 640 1587 anno
654 1539 799 1604 Mncvr,
818 1513 925 1587 aetatis
940 1511 1007 1586 suae
1021 1538 1104 1586 mx·
1145 1514 1236 1612 Lip-

258 1633 387 1705 fiotum
401 1630 514 1729 stirpis
529 1631 687 1721 ultimus,
708 1637 741 1705 ἃ
760 1658 930 1730 magnum
945 1633 1051 1705 decus
1069 1643 1098 1704 2.

304 1752 430 1826 Iurat
454 1769 567 1826 tantos
582 1750 691 1847 Lipsri
704 1752 850 1840 labotes,
880 1749 1019 1827 Curtius
1033 1753 1232 1842 herrant,

256 1867 384 1965 Magni
406 1868 518 1942 Ducis
546 1869 694 1942 Etruriae
724 1896 745 1944 a
771 1869 919 1959 secretis,
947 1869 984 1942 in
1015 1870 1235 1943 emendando

257 1987 385 2060 Tacito
408 1986 593 2060 Florentiae
620 1987 742 2062 utilem
768 2012 910 2085 operam
932 1987 1046 2085 posuit
1064 2008 1093 2063 3.
1142 1988 1235 2062 Usus

181 2112 185 2122 '
255 2103 504 2201 manuscriptis
517 2105 696 2182 codicibus
713 2106 933 2181 bibliothecae
946 2107 1135 2197 Mediceae‚
1159 2109 1235 2182 loca

256 2223 422 2321 plurima,
452 2249 530 2322 quae
553 2224 636 2297 alios
654 2224 827 2323 fugerant,
852 2225 996 2299 restituit
1023 2229 1056 2297 &
1081 2227 1233 2323 explica-

303 2443 314 2472 ¹
335 2437 472 2517 Majorem
494 2441 602 2500 laudem
623 2441 712 2501 adhuc
735 2443 967 2519 reportaturua,fi
989 2441 1074 2502 libros
1093 2441 1229 2512 edidisset,

257 2536 357 2615 quibua
369 2553 545 2599 contexuerat
559 2540 692 2599 Caianam
704 2540 843 2601 historiam
865 2548 891 2600 a
903 2541 984 2600 initia
996 2540 1108 2601 Claudii
1121 2541 1229 2600 Corne·

259 2635 335 2695 liano
347 2639 473 2716 exemplo
485 2637 610 2716 lliloque,
631 2653 662 2697 ut
682 2639 738 2719 ipse
752 2640 860 2699 testatur
878 2639 909 2698 in
928 2638 1002 2699 uotis
1013 2639 1049 2698 ad
1062 2641 1162 2700 Annal.
1173 2641 1230 2708 XI,

263 2755 288 2796 r.
327 2738 369 2795 At
385 2736 416 2795 iu
440 2736 651 2817 migrationibus
676 2738 742 2808 suis,
761 2760 826 2818 quaa
848 2740 1002 2817 frequentes
1024 2738 1112 2798 secere
1134 2740 1230 2798 turbu-

260 2838 337 2895 lenta
360 2836 495 2916 tempora,
522 2838 645 2897 laborem
666 2839 751 2909 huuc,
777 2838 874 2898 fraude
889 2858 925 2897 an
946 2836 1021 2908 casu,
1046 2837 1096 2897 fibi
1122 2837 1227 2917 periisse

259 2933 366 2993 ibidem
374 2935 505 2995 declarat.
532 2936 641 3012 Jadura
654 2936 731 2996 tauto
743 2937 853 3018 gravior
866 2938 935 2998 mihi
947 2938 1066 3009 videtur,
1082 2935 1157 3015 quod
1170 2937 1228 2996 haec

261 3031 417 3093 adolescent
429 3033 579 3113 scripserat,
598 3055 629 3095 ac
644 3035 760 3114 proinde
768 3036 833 3095 clun
846 3036 874 3096 ei
882 3037 965 3096 molle
979 3038 1125 3117 &elegans
1138 3035 1229 3095 adhuc

256 3147 317 3190 erat
329 3131 481 3212 ingenium.
520 3134 623 3204 Postea,
641 3135 768 3214 lingulati
789 3135 901 3194 humani
919 3135 1026 3216 ingenii
1042 3133 1231 3203 inconstantia,

260 3229 290 3289 in
300 3229 420 3291 deterius
433 3247 561 3303 mutatur,
580 3233 679 3292 durum
692 3240 718 3295 ἃ
730 3234 873 3296 horridum
892 3233 1028 3294 scribendi
1040 3254 1125 3314 genus
1137 3232 1231 3292 adfec-

260 3343 341 3388 tamt.

298 3431 313 3461 ²
331 3429 486 3492 Innumero
499 3433 588 3512 postea
600 3432 712 3493 fuerunt
724 3431 856 3507 Lipfiauae
867 3429 1013 3500 editiones,
1033 3448 1147 3507 quarunt
1160 3428 1227 3488 niti·

255 3525 433 3589 diffimaesuut
442 3552 504 3610 qua
514 3531 587 3609 typis
596 3530 776 3593 Elzevirianit
788 3528 914 3608 prodiere
921 3528 1049 3608 Lugduni
1060 3531 1227 3591 Batavorum

223 3701 225 3705 Ι
258 3626 337 3688 tuuis
355 3627 441 3700 1621,
465 3633 539 3707 ¹634
555 3637 581 3689 ἃ
598 3633 681 3706 1640.

296 3729 309 3765 ³
324 3726 443 3786 Pichena
455 3727 558 3788 seorsus
567 3745 644 3788 notas
654 3728 771 3807 primurn
780 3726 884 3797 edidit3
898 3724 999 3785 deinde
1008 3724 1158 3786 editionem
1171 3726 1229 3807 ipso

256 3823 401 3884 adornavit
410 3827 536 3888 excusam
549 3827 721 3889 Francosurtl
738 3846 810 3886 anno
826 3827 906 3906 1607.
927 3833 953 3885 dr
966 3826 1086 3886 Aurelia
1098 3825 1228 3887 Allobro·

255 3942 322 4003 gum
334 3943 407 3984 anno
423 3926 507 4005 1609.

701 4028 772 4125 br
