2986 5138
394 587 691 658 Anunrrun
722 587 833 660 Lis.
865 589 927 660 IV.
1121 613 1190 690 227

223 750 307 824 senti
335 758 501 850 potentis,
533 760 676 832 credunt
703 761 876 858 exstingui
908 762 1002 857 polle
1020 759 1124 834 etiam
1141 761 1191 834 se·

183 976 186 982 Ι
223 874 360 968 quentis
383 876 449 948 aevi
465 878 682 951 memoriam.
731 882 826 952 Nam
843 880 977 967 contri,
996 880 1122 975 punitis
1137 879 1190 951 in·

223 991 344 1090 geniis,
373 995 484 1091 gliscit
508 997 714 1069 auctoritas:
748 1024 859 1096 neque
873 999 967 1071 aliud
985 998 1119 1071 externi
1137 1023 1189 1070 re·

223 1135 295 1207 ges,
318 1134 377 1185 aut
405 1115 466 1211 qui
482 1117 603 1188 ealdem
618 1115 745 1190 saevirifi
770 1122 817 1190 usr
845 1117 935 1206 sunt,
959 1116 1018 1188 nisi
1040 1117 1189 1190 dedecus

221 1231 296 1320 srbi,
323 1254 427 1329 atque
452 1234 518 1307 illis
544 1236 692 1332 gloriam
717 1237 891 1333 peperere.

269 1352 441 1424 XXXVI.
466 1355 661 1426 cmrnun
681 1355 894 1453 postulandis
919 1353 995 1443 reis,
1020 1373 1188 1426 tamcon·
1215 1350 1222 1363 “

220 1468 336 1542 tinuus
353 1497 462 1545 annus
478 1470 556 1563 fuit,
584 1494 622 1545 ut
648 1472 807 1546 feriarum
829 1473 1034 1546 Latinarum
1050 1473 1187 1563 diebus,

217 1587 425 1663 Praeseclum
440 1593 548 1665 Urbis
574 1592 743 1682 Drusum,
772 1592 969 1689 auspicandi
998 1593 1103 1690 gracili
1128 1593 1187 1665 tri-

220 1707 325 1779 bunal
365 1709 569 1808 ingressum,
613 1712 735 1784 adierit
764 1712 970 1808 Calpurnius
1009 1711 1188 1787 Salvianus

219 1824 255 1897 in
280 1828 357 1900 Sex.
371 1829 552 1902 Marium:
585 1833 682 1926 quod
710 1857 730 1903 a
754 1829 886 1904 Caesare
903 1832 1017 1926 palam
1042 1830 1188 1927 increpi-

217 1964 307 2035 tum,
335 1947 434 2020 causa
460 1949 566 2022 exfilii
583 1951 742 2023 Salviano
760 1949 836 2022 fuit.
885 1948 1031 2047 Objecia
1048 1951 1188 2046 publice

217 2064 401 2160 Cyzicenis
422 2075 449 2111 “
468 2069 598 2143 incuria
615 2068 979 2142 caerimonianrm-divi
997 2068 1188 2166 Augusti,”

216 2185 340 2258 additis
364 2194 391 2230 “
404 2187 573 2261 violentiae
586 2188 787 2265 criminibus
799 2186 985 2260 adversum
1004 2187 1097 2261 cives
1110 2191 1186 2260 Ro-

218 2310 245 2345 “
264 2331 385 2381 manos
403 2309 439 2379 :”
463 2313 497 2380 δι
510 2307 653 2380 amisere
670 2307 874 2395 libertatem,
888 2331 993 2403 quam
1006 2306 1098 2378 bello
1110 2303 1186 2378 Mi·

215 2424 372 2499 thridatis
410 2447 602 2500 meruerant
626 2424 844 2515 circumsessi,
887 2450 950 2498 nec
982 2423 1096 2497 minus
1127 2424 1185 2499 sua

216 2544 417 2636 constantis,
445 2548 553 2642 quim
586 2545 741 2642 praefidio
764 2543 920 2632 Luculli,
957 2543 1056 2640 pulso
1091 2568 1184 2642 rege.

216 2668 266 2735 At
293 2665 454 2737 Fonteius
471 2665 608 2761 Capito,
633 2664 696 2762 qui
710 2661 891 2761 proconsul
904 2666 1022 2736 Asiam
1040 2688 1184 2736 curave·

215 2782 499 2872 rat,‘absolvitur,
526 2804 704 2879 comperto
727 2785 807 2856 ficia
842 2783 879 2854 in
912 2808 994 2855 eum
1023 2782 1182 2874 crimina,

215 2928 276 2999 per
310 2903 453 2975 Vibium
481 2907 670 2977 Serenum:
707 2928 820 3000 neque
845 2924 961 2975 tamen
993 2902 1030 2974 id
1056 2906 1183 2976 Sereno

214 3047 316 3095 noxa
342 3021 419 3111 suit,
443 3048 550 3120 quem
577 3022 698 3095 odium
726 3022 906 3118 publicum
935 3020 1097 3093 tutiorem
1130 3019 1181 3094 fa-

213 3140 347 3213 ciebat:
385 3166 467 3213 nam
506 3161 545 3214 ut
570 3141 646 3238 quis
668 3140 848 3215 districtior
875 3139 1061 3230 accusator,
1086 3141 1182 3213 velut

212 3257 438 3334 sacrosanctus
471 3280 567 3334 erat:
605 3261 712 3351 leves,
742 3259 927 3356 ignobiles,
954 3257 1067 3356 poenis
1093 3260 1182 3332 adfi-

211 3377 403 3451 ciebantur.

260 3501 449 3571 XXXVII.
475 3501 555 3571 Psn
574 3498 668 3572 idem
685 3518 824 3596 tempus
841 3496 1011 3595 Hispania
1026 3496 1180 3586 ulterior,

210 3617 313 3691 miffis
341 3618 385 3690 ad
415 3616 569 3691 senatum
604 3618 736 3716 legatis,
762 3616 885 3706 oravit,
918 3624 945 3659 “
961 3636 999 3689 ut
1016 3618 1184 3712 exemplo

211 3743 238 3782 “
258 3739 347 3809 Afiae
371 3738 556 3811 delubrum
591 3737 734 3809 Tiberio
757 3736 926 3833 matrique
953 3734 1023 3833 ejus
1046 3734 1179 3807 exstru-

210 3862 237 3896 “
257 3857 373 3928 eret:''
411 3860 478 3954 qus
518 3859 694 3930 occasione
727 3854 853 3945 caesar,
886 3854 1020 3927 validus
1048 3853 1180 3950 alioqui

208 3971 405 4070 spernendis
423 3976 627 4066 honoribus,
657 3981 690 4049 δι
711 3974 989 4072 respondendum
1014 3995 1105 4051 ratus
1123 3973 1181 4066 iis,

668 4091 750 4195 (ξι
