2986 5138
404 624 707 691 AuuAnrum
740 617 853 690 Lis.
880 617 944 690 111.
1117 637 1179 713 151

215 790 333 864 secreti
364 792 500 888 questus
533 790 644 888 magis
678 789 909 864 ardescebant.
977 794 1005 832 ‘⁴
1023 788 1065 861 ld
1100 812 1185 886 ergo

218 917 246 952 ‘⁴
264 909 314 983 fas
330 910 430 999 aviae,
463 909 724 981 interfectricem
743 908 876 1005 nepotis
893 906 1053 1004 aspicere,
1086 908 1184 978 adlo-

218 1035 246 1070 “
265 1029 339 1124 qui,
357 1027 486 1124 eripere
503 1026 661 1100 senatui?
697 1028 792 1123 quod
822 1051 886 1122 pro
910 1024 1072 1098 omnibus
1099 1024 1185 1097 civi·

218 1153 246 1191 ⁴‘
265 1149 328 1219 bus
345 1147 438 1242 leges
456 1145 647 1233 obtineant,
665 1145 725 1217 uni
743 1141 954 1218 Germanico
979 1168 1050 1216 non
1075 1141 1186 1214 conti·

219 1271 246 1306 ‘⁴
266 1264 371 1361 gille!
400 1262 529 1335 Vitellii
558 1269 590 1335 δι
608 1263 745 1335 Veranii
762 1288 848 1336 voce
877 1264 1044 1334 defletum
1076 1259 1186 1333 Caesa·

220 1390 247 1424 ⁴⁴
265 1406 367 1467 rem;
405 1383 450 1454 ab
490 1384 701 1479 Imperatore
739 1386 772 1454 ἃ
814 1381 972 1479 Augustl
1014 1377 1188 1453 defensam

221 1507 249 1543 ‘⁴
266 1500 493 1573 Plancinam!
524 1500 669 1596 proinde
686 1525 819 1573 venena
847 1505 880 1573 ἃ
907 1519 995 1571 artes
1020 1517 1091 1571 tam
1112 1495 1188 1570 seli·

221 1626 249 1662 ‘⁴
267 1620 351 1693 citer
366 1639 525 1715 expertas
542 1639 689 1691 verteret
716 1618 752 1690 in
779 1616 1026 1715 Agrippinam,
1052 1616 1087 1688 in
1103 1615 1189 1689 libe·

222 1746 250 1781 “
267 1763 323 1810 ros
351 1736 436 1834 ejus,
466 1737 714 1834 egregiamque
737 1737 852 1809 aviam
874 1761 914 1808 ac
936 1756 1095 1831 patruum
1118 1733 1190 1807 san-

222 1863 249 1899 “
269 1858 374 1954 guine
400 1854 595 1928 miserrima
625 1858 752 1929 domus
780 1853 991 1931 exsatiaret.”
1040 1855 1192 1928 Biduum

220 1973 320 2073 super
348 1977 413 2046 hac
441 1974 594 2072 imagine
625 1973 834 2071 cognitionis
862 1970 1108 2071 absumptum;
1133 1998 1192 2046 ur-

223 2114 327 2192 gente
343 2093 485 2166 Tiberio
502 2093 630 2165 liberos
651 2090 797 2182 Pisonis,
826 2098 1014 2180 “matrem
1042 2090 1093 2163 uti
1117 2112 1192 2164 tue-

222 2221 251 2258 “
269 2213 422 2285 rentur.'’
472 2215 519 2284 Et
542 2213 624 2284 clun
641 2209 850 2284 accusatores
865 2235 905 2282 ac
921 2210 1021 2284 testes
1037 2209 1193 2284 certatim

223 2349 434 2428 perorarent,
467 2329 694 2427 respondente
737 2330 849 2421 nullo,
885 2327 1053 2402 miseratio
1086 2330 1194 2426 quarn

224 2450 356 2524 invidia
392 2451 592 2547 augebatur.
657 2447 796 2521 Primus
828 2444 1029 2521 sententiam
1057 2469 1197 2545 rogatus

225 2569 387 2643 Aurelius
410 2570 513 2642 Cotta
545 2566 662 2642 consul
704 2571 806 2663 (nam
846 2566 1014 2640 referente
1048 2566 1194 2658 Caesare,

224 2687 440 2786 magistratus
456 2713 498 2760 eo
515 2687 618 2760 etiam
634 2713 777 2761 munere
801 2684 1054 2783 fungebantur)
1086 2694 1114 2731 ⁴⁴
1133 2714 1195 2761 no-

227 2815 353 2878 “men
381 2804 511 2878 Pisonis
538 2807 730 2879 radendum
750 2804 867 2881 sastis”
896 2805 1050 2879 censuit:
1077 2814 1103 2848 ‘⁴
1118 2833 1197 2903 par·

155 2977 161 2990 .
228 2933 257 2968 “
275 2945 347 2997 tem
364 2926 539 2997 bonorum
567 2923 840 3020 publicandam3
872 2951 947 3021 pars
977 2944 1016 2996 ut
1049 2927 1115 2998 Cn.
1140 2925 1198 2998 Pi·

227 3050 256 3087 ‘⁴
275 3042 345 3115 soni
374 3043 446 3116 silio
470 3043 726 3132 concederetur,
754 3042 849 3140 isque
866 3069 1068 3140 praenomen
1087 3065 1198 3118 muta·
1271 3022 1275 3030 Ι

136 3198 140 3203 ·
229 3170 256 3207 “
277 3183 339 3235 ret.
394 3165 451 3235 M.
467 3159 545 3233 Piso
562 3166 665 3234 exutd
681 3161 864 3260 dignitate,
884 3168 917 3235 δι
935 3184 1078 3260 accepto
1096 3164 1198 3262 quin-

231 3289 258 3325 “
277 3280 419 3378 quagies
447 3279 608 3371 sestertio,
635 3280 672 3354 in
695 3282 818 3354 decem
847 3309 955 3356 annos
980 3285 1200 3380 relegaretur,

230 3410 258 3445 ‘⁴
279 3398 436 3474 concessi
451 3398 625 3472 Plancina
643 3399 881 3475 incolumitate
904 3403 952 3475 ob
978 3424 1095 3497 preces
1123 3404 1200 3472 Au·
1221 3376 1225 3389 Ι

232 3529 260 3565 ει
279 3520 426 3618 gustaej²

279 3641 413 3713 XVlll.
437 3638 591 3713 Murra
608 3665 652 3712 ex
669 3640 708 3713 eal
724 3638 888 3712 sententis
907 3637 1064 3734 mitigata
1079 3635 1156 3708 sunt
1182 3664 1204 3710 a

230 3757 418 3854 Principe:
447 3764 536 3829 “ne
569 3784 699 3831 nomen
722 3756 853 3830 Pisonis
879 3755 970 3828 fastis
982 3755 1201 3846 eximeretur,

234 3885 262 3920 ‘⁴
281 3878 422 3973 quando
439 3879 496 3949 M.
514 3877 674 3965 Antonii,
694 3876 753 3973 qui
771 3875 901 3949 bellum
920 3873 1034 3970 patriae
1051 3872 1203 3963 fecissen

236 4001 264 4040 ‘⁴
284 3994 356 4092 Juli
388 3995 533 4071 Antonii
577 3996 638 4095 qui
676 3997 826 4068 domum
853 3993 1003 4097 Augusti
1035 3992 1205 4087 violasset,

697 4114 781 4206 L4
