2986 5138
1190 591 1230 643 nt

263 730 478 823 controverstas
489 732 661 808 declamans
668 736 784 809 oratori
792 733 983 811 Endelechio.
1017 734 1136 828 Rnrstts
1152 736 1232 807 Con·

252 849 457 946 stantinopoli
471 859 629 950 recognovi
644 856 775 948 Caesorio
790 859 830 930 sol
849 860 956 929 Attico
972 856 1043 949 Coff.
1066 854 1117 944 id,
1141 856 1232 928 bene

261 988 382 1041 monet
405 972 476 1042 Th.
504 973 677 1067 Ryckius‚
702 975 820 1048 deberi
845 974 981 1048 inscitiae
1002 973 1144 1062 librarii,
1170 970 1234 1070 qui

263 1108 342 1160 eam
370 1088 654 1187 subscriptionem
670 1116 798 1167 temere
823 1119 842 1167 e
864 1094 994 1166 Codice
1017 1118 1059 1165 eo
1084 1091 1233 1188 repetiit,

262 1206 357 1278 unde
372 1208 488 1281 Taciti
516 1209 620 1314 libros
645 1211 889 1309 descripserat3
919 1208 1014 1306 cujus
1039 1210 1171 1307 generis
1197 1213 1233 1283 Sc

261 1323 329 1395 alia
344 1329 505 1423 exempla
529 1328 705 1404 observata
724 1330 802 1405 sunt
822 1357 843 1403 a
865 1330 946 1404 viris
970 1327 1095 1418 donis,
1120 1327 1235 1400 nomi·

260 1443 368 1517 natim
396 1446 582 1522 Salmasro:
609 1474 674 1522 nec
703 1452 791 1524 bene
815 1449 868 1521 vir
892 1449 1027 1538 dodins,
1061 1446 1098 1518 in
1125 1447 1235 1520 Novo

259 1562 376 1658 Opere
392 1564 550 1662 Diplom.
567 1567 613 1639 T.
633 1570 698 1658 Ill,
722 1595 756 1666 p.
773 1592 853 1665 279.
871 1567 965 1641 aliud
982 1565 1081 1664 hujus
1097 1564 1234 1663 generis

257 1683 462 1778 exemplum
490 1687 594 1783 negat
624 1687 776 1783 reperiri.
826 1690 884 1781 Jo.
912 1685 1055 1783 quidem
1083 1683 1233 1775 Gerson,

257 1797 294 1870 in
318 1798 440 1873 libello
464 1804 503 1874 de
516 1805 608 1876 laude
621 1808 826 1902 scriptorum,
853 1805 890 1877 in
923 1804 1108 1902 principio,
1137 1828 1235 1899 quae·

259 1943 351 2010 rens,
380 1947 422 1991 on
451 1925 545 1995 liceat
569 1926 674 1995 diebus
682 1926 778 2020 sestis
792 1920 933 2021 scribere
956 1927 1124 1995 devotionis
1141 1924 1235 1994 libros

252 2041 371 2134 gratis,
397 2063 649 2115 commemorat
667 2068 775 2141 genus
792 2042 973 2139 quoddam
998 2041 1235 2130 scribentium,

260 2157 357 2254 quod
385 2161 534 2257 appellat
557 2160 733 2251 infimum,
758 2161 819 2259 qui
844 2163 981 2234 nullum
1011 2160 1146 2258 penitus
1174 2161 1236 2232 ha·

259 2278 363 2350 beant
388 2277 601 2352 intelledlum
632 2306 766 2370 eorum,
793 2304 872 2376 quae
903 2279 1138 2369 transcribant,
1173 2278 1235 2377 qui

258 2401 351 2492 quasi
370 2398 517 2494 pistores
533 2400 759 2496 appellentur.
811 2397 871 2493 (T.
889 2397 937 2470 II.
962 2400 1047 2495 Opp.
1069 2419 1107 2495 p.
1129 2400 1233 2496 694.)

265 2513 350 2612 Ejus
379 2516 512 2614 generis
545 2517 721 2615 scriptores
753 2542 834 2591 cum
866 2516 999 2614 semper
1026 2516 1150 2589 suerint
1178 2519 1237 2590 vel

262 2634 478 2724 mercenarii,
505 2637 560 2708 vel
580 2635 767 2709 monachi:
801 2662 871 2708 non
896 2635 945 2708 est
969 2634 1182 2726 mirandum,
1209 2638 1234 2708 ss

257 2753 404 2827 Codices
437 2755 534 2844 tales,
573 2755 683 2851 qualis
715 2755 774 2827 ille
801 2754 1019 2828 Florentinus
1042 2753 1103 2844 est,
1134 2753 1236 2826 multi

226 2856 229 2861 ’
258 2871 339 2945 sadi
365 2871 457 2963 sunt,
485 2899 530 2946 ex
548 2873 655 2970 iisque
677 2873 865 2971 superstites
892 2874 969 2946 sunt
998 2874 1135 2968 plures:
1170 2899 1237 2947 nec
1308 2943 1309 2946 ,

259 2991 421 3065 dubitem
458 2992 605 3066 Codices
637 2990 816 3090 ejusmodi,
850 2992 961 3090 pillos
986 2992 1099 3089 magis
1130 3018 1238 3089 quam

260 3106 415 3207 scriptos,
445 3133 573 3202 extare,
600 3111 661 3209 qui
687 3113 791 3209 longe
807 3110 1015 3208 antiquiores
1031 3112 1236 3201 habeantur,

265 3254 372 3326 quam
397 3235 484 3303 sint:
513 3251 665 3304 ceterum
681 3233 750 3302 fine
767 3228 897 3303 fraude.
945 3230 1027 3319 Sed,
1052 3248 1090 3301 ut
1117 3230 1236 3302 redea-

259 3372 339 3420 mus
354 3349 397 3421 ad
413 3349 541 3423 librum
554 3347 807 3436 Florentinum,
827 3346 965 3419 adeum
978 3347 1123 3442 primus,
1137 3349 1237 3443 quod

258 3467 405 3558 constet,
429 3467 582 3540 Pichena
604 3485 762 3540 accurate
789 3463 953 3538 recensuit
978 3465 1042 3535 hos
1057 3464 1170 3564 Taciti
1194 3465 1235 3537 li·

263 3587 357 3658 bros.
407 3588 503 3659 Nam
530 3585 712 3681 Juntinam
737 3583 926 3657 editionem
953 3580 1034 3655 anni
1061 3607 1161 3680 ¹527·
1191 3609 1237 3658 ex

258 3704 320 3778 illo
335 3705 426 3778 libro
451 3705 590 3803 aliquid
608 3703 691 3777 novi
713 3702 796 3776 boni
812 3701 990 3799 accepisse,
1019 3726 1091 3775 non
1117 3704 1235 3795 credo,

260 3848 342 3895 cum
362 3829 447 3896 Ant.
465 3822 830 3912 Franc.Vatchiens1s,
856 3821 915 3919 qui
933 3820 964 3894 ei
986 3821 1130 3895 editioni
1147 3850 1235 3921 prae·

261 3938 339 4032 suit,
363 3940 400 4015 in
415 3940 618 4040 praesatione
629 3941 716 4016 nihil
732 3941 827 4015 aliud
843 3923 1103 4034 commemoret,
1116 3967 1235 4040 quam,

697 4085 762 4135 aa
