2986 5138
455 587 988 661 AunnrrunLrn.IV.
1136 610 1202 659 211

237 757 354 847 funus,
377 756 528 855 effigiem
544 758 639 854 apud
655 757 771 830 forum
789 757 952 854 Augusti,
983 757 1121 854 publicl
1147 781 1207 853 pe·

235 877 337 963 cunial
367 896 480 973 patres
509 877 693 949 decrevere
705 905 715 961 ;
746 878 839 973 apud
869 902 956 973 quos
992 876 1096 949 etiarn
1131 897 1209 949 tum

235 997 359 1068 cunda
376 997 627 1069 tradebantur:
654 995 742 1067 adei)
758 1015 795 1069 ut
813 1015 1011 1091 procurator
1027 999 1116 1069 Asrae
1132 998 1209 1068 Lu·

234 1116 333 1187 cilius
361 1114 502 1211 Capito,
524 1114 703 1189 accusante
729 1114 920 1212 provincis,
952 1113 1089 1186 causam
1127 1113 1207 1186 dix-

236 1233 313 1322 erit,
344 1236 473 1331 magnl
506 1258 588 1306 cum
613 1233 866 1306 adseveratione
890 1232 1071 1328 Principis,
1099 1237 1209 1304 “non

237 1361 264 1396 “
281 1353 314 1425 se
330 1352 387 1450 jus
409 1353 469 1426 nisr
489 1353 523 1424 in
541 1352 689 1443 servitia,
715 1358 747 1426 &
766 1353 928 1450 pecunias
945 1350 1129 1423 familiares
1147 1351 1208 1422 de·

238 1477 264 1512 “
282 1471 391 1543 disse:
423 1469 563 1569 quddsr
589 1472 663 1544 vim
692 1472 846 1567 praetoris
870 1469 1068 1568 usurpasset,
1098 1466 1209 1542 mani-

238 1587 418 1688 “busque
445 1590 596 1662 militum
613 1588 690 1664 usus
707 1589 808 1679 foret,
839 1589 947 1687 spreta
974 1589 1011 1663 in
1040 1614 1083 1662 eo
1109 1613 1208 1660 man-

238 1717 270 1751 ‘⁶
284 1711 366 1782 data
389 1708 469 1783 sua:
499 1709 655 1783 audirent
681 1708 826 1781 socios.''
875 1712 927 1781 Ita
948 1733 1039 1796 reus,
1064 1705 1209 1804 cognito

238 1829 394 1925 negotio,
418 1830 609 1902 damnatur.
658 1830 719 1901 Ob
736 1854 844 1925 quam
860 1825 1043 1915 ultionem,
1069 1830 1102 1898 &
1128 1825 1210 1922 quia

236 1948 351 2045 priore
376 1972 468 2020 anno
492 1947 528 2019 in
553 1949 595 2020 C.
619 1947 774 2020 Silanum
802 1945 1017 2020 vindicatum
1039 1965 1122 2033 erat,
1147 1945 1209 2017 de-

236 2070 374 2141 crevdre
392 2069 481 2140 Asrae
500 2069 602 2139 urbes
628 2066 841 2161 “templum
866 2063 1011 2138 Tiberio
1039 2063 1210 2160 matrique

238 2192 267 2228 “
285 2184 370 2282 ejus,
407 2211 448 2258 ac
482 2183 647 2257 senatui.''
716 2186 764 2256 Et
797 2182 997 2280 permissum
1037 2182 1206 2255 statuere:

236 2304 380 2402 egitque
397 2307 496 2377 Nero
515 2324 627 2401 grates
643 2305 683 2377 ed
699 2306 801 2376 caussa
818 2303 971 2399 patribus
992 2323 1098 2398 atque
1126 2326 1208 2390 avo,

235 2425 328 2497 latas
355 2425 445 2497 inter
468 2422 681 2497 audientium
710 2420 935 2511 adfeffiones,
970 2421 1046 2518 qui,
1081 2419 1208 2493 recenti

235 2543 405 2615 memoris
431 2542 645 2631 Germanici,
682 2542 783 2615 illum
817 2540 935 2637 aspici,
964 2541 1065 2613 illurn
1096 2539 1209 2613 audiri

235 2664 424 2734 rebantur:
451 2664 664 2758 aderantque
676 2658 799 2757 juveni
817 2659 998 2750 modestia,
1023 2686 1064 2733 ac
1080 2658 1207 2750 forma,

238 2779 391 2876 principe
419 2779 496 2851 viro
526 2779 649 2876 digna,
684 2780 775 2852 notis
796 2779 833 2851 in
860 2805 942 2852 eum
968 2777 1079 2876 Sejani
1102 2779 1207 2868 odiis,

237 2901 286 2971 ob
311 2897 504 2993 periculum
530 2897 687 2995 gratiora.

285 3019 384 3090 XVI.
408 3018 483 3088 Sua
512 3017 606 3089 idem
639 3036 776 3114 ternpus
813 3026 841 3062 “
865 3021 912 3092 de
937 3019 1078 3092 flamine
1098 3018 1207 3108 Diali,

238 3142 265 3178 “
284 3135 319 3206 in
342 3136 462 3207 locum
480 3135 587 3208 Servii
603 3137 854 3235 Maluginenfis
871 3138 1026 3211 defundi
1045 3140 1208 3235 legend0,

238 3261 264 3297 “
284 3256 383 3326 snnul
411 3255 568 3348 roganda
606 3259 699 3329 noval
742 3257 862 3353 lege,''
903 3258 1056 3330 disseruit
1084 3258 1208 3331 Caesar.

237 3376 379 3444 “Nam
404 3372 561 3468 patricios
590 3372 810 3448 confarreatis
839 3376 1037 3473 parentibus
1055 3376 1205 3473 genitos

236 3500 350 3564 “tres
379 3493 479 3564 sunul
507 3491 694 3582 nominari,
721 3518 765 3567 ex
794 3496 873 3591 quls
906 3521 996 3566 unus
1023 3495 1207 3592 legeretur,

236 3618 263 3653 “
282 3610 417 3683 vetusto
430 3636 551 3695 more;
582 3636 696 3708 neque
712 3613 838 3702 adesse,
862 3632 902 3686 ut
927 3614 1027 3704 olirn,
1052 3639 1130 3687 eam
1147 3642 1207 3688 co-

235 3737 263 3771 “
282 3728 390 3825 piam,
439 3729 562 3803 omiss&
606 3730 845 3805 confarreandi
877 3733 1113 3823 adsuetudine,
1148 3756 1208 3810 aut

237 3857 265 3894 “
284 3850 372 3922 inter
391 3875 521 3946 paucos
538 3854 692 3924 retental:
716 3850 899 3949 pluresque
915 3850 986 3948 ejus
1004 3854 1051 3925 rei
1068 3853 1208 3927 causas‘’

233 3965 433 4056 adferebam
464 3976 492 4013 “
507 3969 730 4068 potissimam,
750 3997 854 4068 penes
870 3972 1037 4048 incuriam
1053 3974 1207 4064 virorum

695 4092 722 4162 P
752 4115 771 4162 2
