2986 5138
271 602 324 688 70

298 759 507 839 Germanico
528 760 657 839 Oriens
669 760 877 869 permaffies3
914 757 1031 868 Pisoni
1048 758 1167 865 Syria,
1187 785 1266 838 cum

297 892 454 984 occuta's,
487 911 528 969 ut
548 891 720 987 creditur,
740 894 778 971 in
799 891 1048 971 Germanicum
1072 887 1264 968 mandatis.
1340 946 1345 957 .

296 1022 449 1105 XLIV.
477 1025 626 1131 Drufies
656 1023 694 1100 in
725 1022 910 1128 Illyricum
940 1021 1101 1100 mittitur
1137 1037 1264 1097 contra

299 1154 508 1245 Germanos,
525 1153 589 1260 qui
603 1151 747 1258 interst
759 1149 927 1258 diſsordes
944 1151 1052 1228 otium
1071 1148 1265 1257 &stauri-

299 1300 408 1366 tatem
428 1282 595 1361 Romouis
615 1281 752 1387 pectre.
808 1283 935 1362 XLV.
967 1282 1148 1387 Cherusci,
1182 1280 1266 1359 duce

294 1412 477 1506 Arminio,
501 1429 679 1518 potentem
697 1414 740 1490 &5
767 1429 921 1490 veterem
944 1440 1060 1517 regem
1090 1412 1265 1491 Marobo-

165 1570 170 1578 ·
297 1542 420 1635 duum,
463 1572 588 1646 magno
624 1571 686 1620 nec
721 1542 904 1620 incruento
934 1544 1061 1648 proelio
1097 1542 1264 1621 vincunt.

295 1673 467 1754 XLVII.
496 1676 542 1750 Iu
556 1675 647 1777 Asta
660 1671 832 1750 duodecim
847 1671 950 1751 arbes
961 1690 1072 1751 terra
1084 1691 1179 1751 motu
1191 1674 1263 1750 col-

294 1804 415 1910 lapsa.
472 1799 610 1883 Tiberii
637 1803 846 1882 liberalitas.
906 1806 956 1883 L.
997 1801 1176 1909 Adolsffcit
1209 1804 1265 1881 lex

296 1932 497 2040 majestatis.
571 1933 663 2014 LII.
711 1930 929 2043 Tacfarinas
965 1934 1003 2012 in
1027 1934 1164 2040 Africd
1190 1933 1264 2013 bel-

293 2066 366 2144 lum
400 2085 529 2150 movet.
597 2069 642 2146 A
667 2068 704 2145 F
705 2065 782 2145 urio
809 2066 956 2144 Causillo
969 2065 1098 2171 statim
1129 2070 1264 2173 repres-

279 2201 361 2314 sus.
419 2196 526 2278 LIII.
559 2197 805 2290 Germanicus,
827 2197 956 2278 iterum
975 2198 1104 2306 corfiel,
1123 2195 1161 2274 in
1180 2201 1265 2275 Ar·

294 2329 442 2407 moniam
471 2328 599 2406 venit:
629 2356 744 2432 regem
775 2334 964 2421 Zenonem,
983 2343 1094 2405 amoto
1115 2330 1265 2420 Vonone,

293 2457 491 2537 volentibus
508 2456 552 2537 iis
569 2457 727 2563 imponit.
783 2457 926 2536 Deinde
943 2461 1141 2564 AEgyptum
1150 2459 1266 2564 profi-

293 2585 451 2693 cssitur.
508 2588 640 2669 LXII.
677 2590 825 2695 Drustes
844 2590 1039 2667 Germanos
1056 2587 1109 2665 ad
1131 2587 1263 2695 ἅψον-

291 2715 370 2797 dias
395 2717 524 2800 inlicit.
581 2718 837 2812 Maroboduus,
867 2717 912 2796 vi
942 2715 1131 2797 Catualda
1158 2747 1266 2822 regno

286 2849 424 2956 puffles,
445 2848 482 2926 in
495 2849 641 2928 Italiam
659 2848 772 2943 vineit,
790 2852 832 2928 &
851 2853 1039 2929 Ravenna
1050 2865 1121 2956 per
1136 2847 1263 2926 duode-

292 2979 432 3084 viginti
449 3008 559 3056 aornos
577 2979 662 3084 egit.
719 2980 816 3058 Idem
842 2979 1032 3059 Catualda
1048 3010 1126 3058 mox
1151 2985 1263 3088 cossus,

290 3109 356 3224 qui
366 3112 501 3188 Forum
515 3112 662 3217 Julium
676 3110 790 3217 maffia
804 3111 863 3217 est.
920 3111 1070 3194 LXIV.
1102 3113 1263 3220 Rhescu-

283 3239 398 3347 poris,
421 3234 601 3319 Thracum
620 3271 697 3334 rex,
719 3246 825 3348 operat
844 3243 1033 3348 Pomponii
1048 3243 1178 3321 Flacci
1194 3242 1261 3320 cla-

289 3388 354 3451 tur
367 3371 404 3448 in
419 3371 566 3450 vincula
580 3402 594 3449 .·
625 3374 772 3450 Romam
784 3372 1012 3478 perducitur.
1070 3374 1261 3454 LXVIII.

291 3502 441 3582 Venonis
465 3503 586 3582 cades.
644 3505 796 3582 LXIX.
830 3503 1078 3596 Germanicus,
1104 3506 1264 3610 AEgypto

287 3661 458 3725 remeans,
490 3637 631 3726 cautla,
651 3633 907 3742 quaejuffi’rat,
936 3634 1103 3740 aPffone
1115 3634 1261 3729 aboleta,

288 3764 353 3847 vel
365 3765 402 3841 in
422 3765 641 3842 contrarium
658 3769 764 3873 verſse
782 3765 928 3869 reperit.
986 3763 1088 3841 Hinc
1105 3763 1258 3843 inimici.

287 3888 423 3977 tiaram
442 3894 597 3997 stenima.
656 3894 785 3972 Paullo
808 3892 883 3999 pist
914 3893 1030 3972 morbo
1063 3911 1259 4001 correptus,

290 4048 369 4109 cum
396 4022 538 4133 ingenti
561 4022 722 4133 gentium
740 4024 892 4107 omnium
922 4025 1037 4124 lutto,
1056 4023 1262 4108 Antiochia
