2986 5138
269 548 335 619 106
472 544 821 618 ceolum
856 545 1062 617 Tncrrr

313 720 445 791 XLVI.
470 721 614 806 Naum
633 719 877 791 Maroboduus
887 716 1052 816 jaetantist
1080 716 1144 810 sui,
1175 738 1236 802 aut

265 837 401 932 probris
413 838 447 908 in
461 838 596 910 hostem
610 837 798 911 abstinebat
812 866 821 909 ε
836 836 893 909 sed
904 838 1166 935 Inguiomerum
1183 862 1237 915 te-

263 981 360 1045 nens,
391 964 418 999 “
436 958 501 1030 lllo
517 957 552 1029 in
568 982 713 1054 corpore
730 958 834 1029 decus
848 983 953 1029 omne
965 957 1233 1053 Cheruscorum,

264 1083 291 1118 ‘⁴
308 1076 398 1149 illius
415 1077 560 1150 consiliis
589 1077 693 1175 gesta,
722 1103 800 1173 quae
833 1074 991 1174 prospere
1007 1079 1236 1172 ceciderint,'’

262 1197 471 1271 testabatur:
526 1198 758 1269 “vecordem
791 1195 1007 1286 Arminium,
1055 1203 1088 1270 sc
1120 1224 1235 1277 rerum

263 1325 290 1360 “
309 1315 473 1406 nescium,
505 1317 652 1389 alienam
681 1315 825 1413 gloriam
847 1314 884 1387 in
910 1314 942 1388 se
969 1318 1117 1409 trahere,
1144 1344 1233 1416 quo-

262 1437 402 1508 “niam
430 1455 497 1509 tres
528 1461 653 1510 vacuas
687 1434 840 1532 legiones
876 1439 909 1506 δι
939 1437 1068 1508 ducem
1105 1436 1234 1511 fraudis

263 1554 467 1651 “ignarum
496 1555 638 1652 perfidis
663 1555 851 1651 deceperit,
880 1559 1008 1653 magn&
1028 1582 1108 1629 eum
1135 1560 1235 1632 clade

260 1680 288 1717 “
307 1673 517 1764 Germaniae,
555 1680 589 1747 δι
618 1673 809 1773 ignominias
844 1672 914 1764 sua,
949 1676 1031 1748 cum
1061 1675 1232 1774 conjunx,

261 1799 288 1833 “
306 1793 388 1865 edm
413 1793 504 1866 filius
526 1793 609 1892 ejus,
637 1792 812 1867 servitium
837 1796 951 1868 adhuc
973 1796 1130 1867 tolerent.
1179 1802 1232 1869 At

261 1919 289 1954 “
307 1910 339 1984 se
363 1913 550 1987 duodecim
574 1912 771 2011 legionibus
793 1914 940 2010 petitum
961 1915 1049 1986 duce
1070 1913 1229 2007 Tiberio,

260 2039 288 2073 “
305 2031 472 2106 illibatam
486 2036 740 2106 Germanorum
760 2032 906 2130 gloriam
923 2031 1118 2105 servavisse:
1145 2060 1232 2108 mox

259 2152 563 2226 “conditionibus
596 2152 704 2249 aequis
732 2150 934 2224 disceffum:
976 2176 1090 2250 neque
1123 2155 1232 2250 paeni-

260 2279 287 2314 “
307 2291 377 2345 tere
403 2271 501 2369 quhd
525 2270 675 2369 ipsorum
700 2271 735 2342 in
757 2296 864 2343 manu
888 2273 940 2361 stt,
967 2269 1143 2370 integmm
1168 2276 1231 2347 ad-

259 2397 288 2432 “
307 2392 423 2464 versus
464 2395 643 2465 Romanos
683 2392 831 2480 bellum,
877 2416 921 2463 an
963 2417 1085 2487 pacem
1114 2391 1232 2466 incru-

258 2516 287 2553 “
304 2530 420 2584 entam
443 2509 599 2582 malint.''
648 2509 720 2584 His
737 2510 881 2585 vocibus
904 2509 1080 2583 instinclos
1098 2514 1229 2586 exerci-

255 2648 324 2717 tus,
351 2629 498 2726 propriae
524 2654 666 2727 quoque
688 2628 796 2703 causae
820 2629 1065 2703 stimulabant:
1096 2631 1177 2704 cum
1209 2659 1231 2711 a

255 2748 434 2822 Cheruscis
465 2748 787 2849 Langobardisque,
822 2776 885 2845 pro
914 2750 1058 2847 antiquo
1090 2751 1229 2843 decore,

255 2874 314 2941 a'ut
332 2871 457 2942 recenti
476 2870 648 2957 libertate;
675 2874 708 2942 δι
727 2871 860 2959 contra,
886 2872 1055 2967 augendae
1072 2871 1230 2945 domina-

254 2989 340 3061 tioni
363 3010 558 3064 certaretur.
609 2993 693 3063 Non
715 2990 797 3064 alias
820 2988 948 3087 majore
972 2992 1065 3063 mole
1082 3015 1229 3064 concur-

254 3107 344 3200 sum,
370 3135 483 3207 neque
508 3110 674 3208 ambiguo
702 3109 813 3208 magis
838 3108 1229 3199 eventu,fus1sutrim-

255 3255 323 3327 que
363 3230 494 3300 dextris
537 3230 710 3303 cornibus.
781 3231 1057 3326 sperabaturque
1096 3231 1228 3304 rursum

254 3374 386 3447 pugna,
436 3348 471 3420 ni
506 3350 751 3422 Maroboduus
801 3348 908 3420 castra
947 3349 983 3421 in
1014 3351 1118 3422 colles
1150 3348 1229 3425 sub-

253 3469 413 3540 duxisset.
474 3469 515 3539 ld
541 3471 675 3566 fignum
699 3470 840 3564 perculsi
865 3467 953 3540 fuit:
989 3472 1022 3539 δι
1045 3469 1229 3566 transfugis

252 3588 432 3684 paullatim
469 3588 631 3677 nudatus,
673 3587 710 3660 in
743 3591 1013 3660 Marcomannos
1052 3592 1224 3675 concessit,

252 3707 408 3804 misitque
438 3708 567 3803 legatos
601 3709 645 3781 ad
678 3708 860 3780 Tiberium
900 3728 1055 3778 oraturos
1089 3706 1225 3778 auxilia.

251 3825 468 3921 Responsum
496 3826 558 3916 est,
586 3835 613 3869 “
632 3853 702 3899 non
720 3826 798 3924 jure
828 3854 909 3899 eum
940 3826 1103 3898 adversus
1134 3826 1225 3896 Che·

252 3943 409 4017 “tuscos
433 3970 528 4021 arma
554 3951 715 4021 Romana
739 3947 912 4036 invocare,
948 3944 1007 4043 qui
1036 3962 1227 4042 pugnantes
