2986 5138
334 558 403 651 298
523 547 1126 622 C.Conuna11Tncrr1

331 727 512 801 Tiberium
531 727 758 799 flecterentur.
795 725 926 797 Verbm
943 726 988 798 ab
1003 720 1147 796 Servilio
1165 720 1304 794 &Cor-

332 847 423 919 nelio
448 843 709 933 accusatoribus,
747 843 999 917 “adulterium
1022 841 1150 930 Livia,
1173 865 1305 938 mago-

336 972 363 1009 “
382 990 462 1037 rum
489 962 602 1036 sacra”
624 962 893 1061 objet‘labantur.
954 963 1112 1049 Scaurus,
1156 980 1194 1031 ut
1222 960 1305 1057 dig-

334 1111 420 1157 num
461 1083 634 1155 veteribus
673 1081 840 1169 AEmiliis,
875 1079 1135 1154 damnationem
1170 1079 1302 1165 anteit3

334 1207 493 1276 hortante
506 1201 632 1274 Sexitid
648 1226 771 1291 uxore,
794 1227 871 1299 quae
888 1199 1148 1273 incitamentum
1165 1198 1306 1291 mortis,

336 1326 369 1394 ἃ
397 1321 564 1417 particeps
588 1318 663 1392 fuit.

384 1443 507 1513 XXX=
532 1444 589 1512 Ac
623 1464 764 1512 rnnrrsu
788 1437 1007 1528 accusatores,
1030 1442 1053 1511 fi
1083 1436 1226 1511 facultas
1247 1437 1302 1510 in·

334 1559 477 1648 cideret,
502 1557 614 1655 poenis
641 1559 913 1632 adliciebantur:
940 1578 979 1630 ut
995 1557 1154 1631 Servilius
1169 1559 1303 1630 Corne·

335 1677 480 1774 litisque,
507 1677 641 1773 perdito
664 1681 791 1750 Scauro
811 1676 944 1766 famosi,
969 1677 1051 1775 qnia
1076 1678 1259 1774 pecuniam
1282 1704 1305 1751 a

333 1794 440 1869 Vario
462 1795 610 1893 Ligure,
635 1797 834 1870 omittendae
857 1796 1051 1885 delationis,
1076 1817 1248 1893 ceperant,
1265 1797 1304 1871 in

335 1914 472 2004 insulas,
491 1914 675 1988 interdicio
698 1916 771 2014 igni
794 1936 897 2014 atque
918 1920 1020 2011 aqud,
1045 1916 1176 1989 demoti
1196 1915 1301 1992 lunt:

336 2041 369 2108 δι
389 2034 549 2108 Abudius
562 2033 671 2124 Rus0,
694 2033 833 2108 fundus
856 2035 1029 2125 aedilitate,
1042 2035 1131 2108 dum
1147 2037 1304 2109 Lentulo

335 2154 522 2244 Gaetulic0‚
550 2152 612 2227 sub
634 2181 704 2251 quo
733 2155 862 2253 legioni
890 2152 1083 2252 praefuerat,
1111 2153 1326 2252 periculum·

334 2273 472 2361 laceffit,
504 2280 532 2315 “
547 2271 640 2369 qubd
669 2273 696 2345 is
719 2271 829 2370 Sejani
857 2274 967 2347 filium
1001 2299 1166 2373 genenrm
1199 2273 1303 2346 desti·

337 2400 365 2436 “
384 2393 527 2479 nallet,''
558 2393 649 2463 ultro
664 2392 863 2482 damnatur,
886 2414 991 2492 atque
1012 2395 1113 2467 Urbe
1139 2392 1303 2491 exigitur.

335 2510 525 2583 Gaetulicus
548 2511 588 2581 ea
609 2510 807 2604 tempestate
834 2509 1010 2608 superioris
1035 2511 1229 2586 Germania
1252 2513 1303 2585 le·

336 2629 456 2728 giones
503 2628 656 2716 curabat,
700 2628 899 2727 mirumque
935 2656 1088 2704 amorem
1126 2629 1303 2704 adsecutus

335 2767 420 2837 erat,
445 2745 555 2819 effusa
569 2747 774 2836 clementiae,
791 2750 947 2822 modicus
964 2749 1151 2840 severitate,
1169 2754 1203 2822 bt
1221 2775 1301 2846 pro·

336 2868 434 2940 ximo
453 2892 594 2964 quoque
623 2867 800 2957 exercitui,
833 2896 894 2965 per
920 2873 965 2940 L.
985 2870 1183 2965 Apronium
1206 2867 1301 2941 soce-

335 3014 428 3076 rum,
453 3014 521 3058 non
551 2987 713 3083 ingratus.
775 2990 880 3059 Unde
908 2987 1000 3061 fama
1031 2989 1204 3077 constans,
1239 3015 1302 3060 au-

335 3106 407 3181 sum
440 3106 574 3179 mittere
602 3108 645 3177 ad
671 3105 836 3179 Caesarem
861 3109 982 3196 literas,
1016 3115 1042 3149 “
1069 3107 1303 3183 Adfinitatem

336 3234 362 3267 “
384 3226 443 3299 sibi
461 3252 542 3297 cum
573 3223 693 3321 Sejano
717 3228 809 3297 haud
832 3226 964 3323 sponte,
995 3228 1052 3301 sed
1073 3228 1210 3300 consilio
1235 3229 1301 3300 Ti·

337 3352 364 3388 “
384 3344 465 3416 berii
484 3365 657 3441 coeptam:
686 3345 826 3439 perinde
841 3345 887 3435 se,
906 3349 1012 3443 quim
1029 3347 1210 3423 Tiberium
1229 3344 1302 3420 falli

336 3470 363 3505 “
382 3464 544 3558 potuisse:
598 3489 710 3559 neque
751 3488 899 3537 errorem
940 3468 1102 3539 eumdem
1143 3466 1191 3538 illi
1233 3470 1302 3540 sine

336 3589 362 3622 “
382 3581 514 3671 fraude,
540 3582 612 3653 aliis
635 3582 742 3653 exitio
763 3584 974 3657 habendum.
1024 3586 1096 3659 Sibi
1117 3587 1224 3657 fidem
1246 3584 1300 3657 in·

336 3709 364 3744 “
383 3723 528 3798 tegnam,
559 3707 605 3789 &‚
633 3706 655 3773 sr
682 3703 784 3775 nullis
809 3703 933 3775 insidiis
956 3726 1139 3800 peteretur,
1165 3703 1300 3777 mansu·

336 3828 363 3863 “
382 3847 477 3892 ram:
513 3820 733 3893 succellorem
772 3849 842 3894 non
871 3823 979 3911 aliter,
1004 3825 1110 3920 quim
1132 3825 1301 3898 indicium

336 3944 363 3984 ‘⁶
384 3938 517 4031 mortis,
530 3960 775 4039 accepturum:
795 3944 969 4026 firmarent
983 3945 1077 4018 velut
1093 3940 1302 4044 foedus,un
