2986 5138
254 587 298 633 aa
411 557 1004 631 C.Conner11T.nc1rr

200 756 204 763 ·
256 740 283 774 “
302 729 491 802 miserrimis
506 732 618 803 lucem
636 735 669 802 &
683 729 833 827 spiritum
846 727 1035 801 reddidistis
1050 756 1060 811 ;
1081 724 1136 799 se'd
1150 725 1228 824 quis

255 858 282 929 ‘,‘
300 849 389 921 sratri
402 876 481 921 meo
494 850 615 938 vitam,
634 849 709 945 quis
722 848 857 920 fratrem
871 845 956 919 mibi
967 846 1078 918 reddit
1094 849 1106 917 ?
1122 872 1228 943 quem

256 977 282 1019 ‘-‘
302 968 438 1041 millum
471 971 594 1040 advos
627 994 646 1038 a
663 966 870 1040 Germanico
887 965 1036 1037 exercitu
1068 965 1113 1037 de
1130 991 1228 1038 com-

256 1096 283 1153 ‘,‘
303 1088 463 1159 munibus
495 1087 703 1174 commodis,
737 1087 837 1157 noste
872 1084 1028 1180 proximfi
1054 1083 1231 1180 jugulavit

256 1213 364 1302 “per
397 1207 599 1303 gladiatores
626 1203 715 1293 suos,
746 1229 832 1301 quos
849 1204 883 1274 in
916 1201 1060 1273 exitium
1077 1201 1229 1274 militum

256 1333 283 1367 “
302 1329 406 1396 habet
438 1346 541 1421 atque
570 1345 687 1395 armat.
718 1322 916 1419 Responde,
950 1319 1067 1409 Blaese,
1084 1320 1144 1392 ubi
1172 1346 1229 1392 ca-

258 1453 284 1487 “
303 1446 408 1516 darer
439 1442 624 1538 abjeceris?
660 1469 702 1513 ne
735 1442 844 1513 hostes
883 1440 1024 1537 quidem
1052 1437 1231 1534 sepulturae

258 1571 285 1605 “
304 1563 480 1634 invident:
501 1564 581 1634 clim
614 1559 748 1650 osculis,
782 1562 863 1632 ciam
896 1557 1041 1632 lacrimis
1073 1559 1231 1630 dolorem

258 1690 284 1724 “
303 1707 421 1752 meum
455 1681 656 1776 implerem,
692 1706 749 1752 me
778 1706 917 1777 quoque
933 1676 1090 1750 trucidari
1115 1675 1228 1772 jube;

259 1808 285 1842 “
304 1801 388 1871 dum
407 1798 597 1871 inter·sec‘tos
627 1801 761 1871 nullum
778 1800 825 1871 ob
842 1796 961 1889 scelus,
990 1794 1047 1867 sed
1065 1795 1145 1892 quia
1161 1795 1229 1866 uti-

258 1926 285 1960 “
304 1918 387 1989 litati
406 1918 583 2016 legionum
600 1917 873 2007 consulebamus,
903 1917 938 1990 hi
955 1914 1114 2012 sepeliant
1126 1916 1161 1985 .’'

306 2040 441 2110 XXIII.
476 2040 733 2109 Incnuneanr
764 2039 838 2109 haec
865 2041 961 2125 ssetu,
995 2034 1232 2131 &pestusat-¹

258 2182 325 2253 que
342 2182 379 2227 os
408 2155 565 2226 manibus
583 2157 786 2226 verberans:
806 2181 890 2227 mox
918 2153 1063 2251 disjedlis
1081 2177 1230 2249 quorum

258 2301 318 2371 per
343 2277 502 2344 humeros
528 2270 760 2362 sustinebatur,
789 2280 989 2369 praeceps&
1021 2273 1231 2369 singulorum

258 2392 404 2487 pedibus
417 2391 611 2476 advolutus,
629 2410 764 2463 tantum
782 2372 1057 2465 constemationis
1075 2390 1230 2462 invidiae·

258 2534 327 2604 que
345 2506 506 2594 concivit,
535 2527 572 2577 ut
596 2534 671 2603 pars
701 2509 864 2598 militum,
895 2509 1098 2607 gladiatores
1126 2508 1186 2606 qui
1212 2533 1232 2580 e

258 2625 392 2699 servitio
408 2627 499 2697 Blaesr
519 2646 624 2715 erant,
644 2653 718 2722 pars
736 2649 882 2701 ceteram
898 2627 1048 2725 ejusdem
1065 2628 1232 2701 familiam

258 2744 436 2831 vincirent,
455 2743 510 2814 alii
527 2745 571 2815 ad
584 2747 808 2841 quarendum
826 2773 948 2843 corpus
965 2748 1231 2820 effunderentur.

259 2868 314 2934 Ac
343 2861 378 2932 ni
412 2863 565 2956 propere,
595 2889 707 2960 neque
725 2891 845 2962 corpus
873 2868 984 2939 ullum
1017 2865 1165 2962 reperiri,
1198 2871 1230 2938 δι

258 2979 385 3066 servos,
409 2979 567 3052 adhibitis
584 2982 798 3072 cruciatibus,
829 2987 977 3057 abnuere
994 2986 1140 3073 caedem,
1171 3011 1232 3058 ne-

223 3118 226 3123 “
259 3124 327 3196 que
345 3098 392 3169 illi
418 3098 513 3169 fuisse
530 3125 696 3196 umquam
723 3101 857 3174 fratrem
876 3104 1107 3199 pernotuilset,
1138 3105 1232 3176 haud

260 3218 410 3289 multum
428 3219 471 3287 ab
489 3216 592 3288 exitio
610 3219 712 3315 legati
729 3223 881 3293 aberant.
907 3223 1082 3294 Tribunos
1099 3242 1230 3311 tamen,

259 3365 299 3409 ac
317 3336 513 3433 praesertum
532 3337 716 3410 castrorum
745 3344 929 3413 extrusl’re.
979 3341 1124 3413 Sarcinae
1141 3340 1232 3439 fugi-

258 3457 390 3528 entium
420 3455 582 3550 direptae;
603 3458 804 3530 &centurio
832 3459 999 3531 Lucillius
1017 3459 1230 3549 interficitur,

260 3577 314 3660 cui
343 3574 541 3647 militaribus
569 3575 694 3646 facetiis
723 3579 946 3665 vocabulum,
982 3578 1058 3648 Crdo
1084 3582 1229 3669 alteram,

259 3692 475 3763 indiderant:
496 3692 576 3787 quia
592 3692 696 3764 furta
718 3694 792 3765 tite
810 3695 843 3766 in
872 3716 970 3790 tergo
987 3694 1115 3785 militis,
1146 3698 1232 3767 alte-

260 3834 333 3878 ram
351 3810 439 3879 clard
455 3834 554 3898 voce,
580 3836 618 3881 ac
636 3810 746 3883 rursus
763 3813 864 3884 aliam
883 3813 1050 3908 poscebat.
1089 3815 1231 3886 Ceteros

261 3925 396 3996 latebrae
422 3929 551 4015 texere,
585 3954 656 4000 uno
673 3950 803 4002 retento
835 3933 1014 4004 Clemente
1031 3932 1139 4025 Iulio,
1169 3932 1229 4028 qui
