2986 5138
476 565 775 634 Auunirunt
807 563 917 635 Lta.
950 565 977 635 Ι.
1198 569 1267 642 όι·

257 737 396 831 plebem
412 733 642 826 seditionibus,
660 736 809 834 denique
826 738 915 814 male
933 739 1023 834 gesta
1047 741 1235 835 republicl·

258 852 466 950 majestatem
494 855 614 951 populi
643 857 796 927 Romani
823 855 1016 928 minuisset:
1056 857 1142 932 faeta
1167 889 1219 933 ar·

171 966 176 975 ’
257 975 465 1071 guebantur,
500 974 590 1047 dieta
611 974 752 1070 impune
777 995 882 1048 erant.
931 974 1066 1048 Primus
1083 979 1219 1076 llugus-

255 1111 311 1164 tus
341 1093 578 1190 cognitionem
612 1095 656 1165 de
682 1093 816 1167 famosas
843 1095 980 1183 libellis,
1001 1093 1108 1191 specie
1136 1099 1220 1196 legis

256 1211 326 1310 ejus
353 1213 526 1301 tradavit,
557 1233 754 1286 commotus
781 1213 881 1285 Cassii
915 1213 1028 1285 Severi
1065 1214 1219 1307 libidine,

258 1335 326 1428 qual
351 1332 441 1405 viros
457 1330 667 1428 feminasque
694 1332 848 1404 inlustres
877 1331 1076 1428 procacibus
1095 1331 1222 1432 scriptis

255 1450 518 1523 diffamaverat:
555 1477 639 1523 mox
666 1451 840 1539 Tiberius,
879 1449 1090 1523 consultante
1114 1455 1220 1526 Pom·

258 1570 338 1666 peio
352 1572 475 1642 Macro
492 1590 648 1665 praetore,
675 1579 758 1642 “an
780 1568 910 1666 judicia
943 1567 1119 1666 majestatis
1144 1576 1221 1646 red-

259 1696 288 1732 “
304 1689 524 1761 derentur?''
565 1690 812 1761 “exercendas
845 1690 937 1785 leges
968 1691 1058 1766 effe''
1086 1689 1221 1788 respon-

254 1807 319 1880 dit.
370 1810 479 1880 Hunc
503 1834 642 1904 quoque
669 1807 863 1904 asperavdre
889 1808 1051 1897 carmina,
1087 1809 1222 1884 incertis

255 1925 450 1998 audioribus
463 1929 605 2023 vulgata
621 1927 656 1999 in
674 1926 836 1998 saevitiam
854 1926 1116 2023 superbiamque
1136 1927 1220 2026 ejus,

256 2043 498 2118 &discordem
515 2071 595 2117 cum
613 2066 723 2117 matre
745 2044 911 2117 animum.

304 2166 476 2236 LXXIII.
502 2167 627 2236 Hnuu
659 2189 820 2237 eronnrr
850 2163 985 2252 referre,
1015 2163 1050 2235 in
1078 2167 1221 2240 Falanio

258 2288 290 2355 δι
315 2283 465 2371 Rubrio,
491 2284 635 2356 modicis
666 2283 836 2380 equitibus
862 2284 1044 2373 Romanis,
1081 2305 1223 2379 praeten.

257 2421 326 2473 tata
367 2401 508 2475 crimina
521 2432 535 2502 3,
574 2424 611 2474 ut
645 2403 770 2499 quibus
793 2402 907 2491 initiis,
941 2405 1068 2499 quanta
1094 2403 1223 2481 Tiberii

256 2541 340 2609 arte,
369 2521 601 2617 gravisimum
630 2522 774 2594 exitium
791 2519 975 2618 inrepserit,
994 2521 1075 2593 dein
1098 2523 1222 2619 repres-

256 2640 330 2712 sum
348 2644 399 2729 fit,
428 2641 599 2737 postremo
626 2640 750 2730 arserit,
782 2643 972 2738 cundaque
1004 2640 1220 2737 corripuerit,

257 2757 421 2831 noscatur.
472 2760 613 2832 Falanio
644 2757 824 2856 objiciebat
857 2758 1040 2849 accusator,
1083 2768 1109 2802 “
1127 2762 1223 2858 qudd

258 2878 392 2949 “inter
417 2879 562 2950 cultores
589 2878 753 2975 Augusti,
784 2878 842 2975 qui
866 2904 925 2975 pet
953 2903 1073 2950 omnes
1097 2878 1223 2954 domos

259 2997 340 3068 “in
367 2997 513 3069 modum
542 2997 769 3094 collegiorum
798 2998 1026 3086 habebantur,
1074 2999 1223 3072 Caffium

259 3117 495 3212 “quemdam
522 3115 670 3188 mimum
704 3142 847 3212 corpore
879 3114 1042 3188 infamem
1069 3117 1223 3191 adscivis-

267 3232 359 3306 “set
379 3262 387 3304 :
414 3234 579 3330 qubdque
602 3234 748 3307 venditis
772 3234 891 3324 hortis,
908 3235 1052 3307 statuam
1070 3238 1220 3333 Augusti

257 3361 285 3396 “
304 3355 402 3426 stmul
431 3353 688 3450 mancipasset.’'
737 3353 874 3427 Rubrio
904 3351 1038 3425 crimini
1064 3355 1223 3442 dabatur,

259 3479 287 3514 “
305 3472 472 3544 violatum
491 3470 637 3571 perjurio
655 3499 783 3546 nomen
802 3470 987 3567 Augusti.''
1047 3472 1136 3566 Qae
1163 3473 1224 3546 ubi

255 3590 400 3664 Tiberio
418 3595 573 3682 notudre,
602 3591 729 3688 scripfit
745 3588 965 3671 consulibus;
995 3593 1022 3628 ‘⁴
1041 3589 1125 3659 Non
1146 3588 1225 3662 ideo

258 3711 480 3783 “decretum
499 3712 585 3807 patri
602 3709 661 3783 suo
677 3711 815 3798 caelum,
845 3729 883 3779 ut
913 3706 948 3778 in
977 3704 1164 3801 perniciem
1177 3709 1223 3780 ci-

257 3829 400 3901 “vium
428 3831 455 3901 is
476 3833 589 3901 honor
606 3848 804 3900 verteretur.
855 3827 1003 3897 Cassium
1026 3823 1225 3899 histrionem

256 3951 285 3995 “
302 3944 439 4028 solitum
456 3946 543 4020 inter
560 3946 644 4027 alios
660 3943 809 4046 ejusdem
838 3943 916 4018 artis
943 3943 1097 4017 interesse
1122 3946 1223 4037 ludis,
