2986 5138
259 550 322 627 xiv

258 720 343 817 pho,
376 720 470 793 unde
492 718 516 793 ii
533 744 669 811 venere,
698 719 813 813 fuerit,
843 717 1071 796 inveniamus.
1122 719 1232 800 Hanc

256 843 351 912 terito
382 841 531 913 caussam
558 843 625 913 effe
657 840 836 938 paucitatis
877 841 1064 914 lectionum
1095 843 1232 917 varian-

257 958 359 1047 tium,
398 979 501 1056 atque
535 960 658 1032 tandem
691 961 964 1057 corruptelarum
1006 964 1041 1032 δι
1083 964 1233 1036 mendo-

256 1103 352 1166 rum,
379 1077 415 1150 in
431 1077 556 1151 Tacito
573 1078 801 1176 reliquorum,
833 1079 870 1151 in
898 1079 1023 1176 quibus
1051 1075 1174 1153 frustra
1198 1082 1234 1155 se

256 1217 435 1270 exerceant
464 1196 604 1294 ingenia
619 1198 775 1271 virorum
799 1198 1082 1272 doctissimorum.
1133 1200 1235 1276 Hinc

256 1341 360 1412 porto
386 1313 516 1389 discent
537 1314 684 1415 juvenes
711 1317 849 1390 studiosi
877 1318 1052 1391 literarum
1086 1322 1121 1390 δι
1154 1319 1234 1394 artis

254 1434 396 1524 criticae,
436 1433 567 1531 (cujus,
602 1461 669 1533 ego
703 1435 892 1508 identidem
920 1461 1048 1509 moneo
1066 1433 1232 1531 juvenes,

254 1553 432 1626 neminem
451 1556 551 1650 plane
565 1554 765 1651 imperitum
781 1556 846 1627 effe
863 1556 1003 1644 debere,
1034 1555 1094 1652 qui
1111 1554 1144 1628 se
1160 1582 1233 1630 non

255 1670 399 1745 subinde
414 1673 558 1769 turpiter
573 1675 667 1762 dare,
695 1677 728 1746 &
754 1671 857 1745 risum
873 1673 1010 1747 Criticae
1032 1674 1080 1746 tei
1102 1675 1232 1770 petitis,

253 1811 313 1864 aut
328 1791 435 1864 bilem
452 1817 592 1866 movere
605 1792 707 1887 velit)
730 1792 861 1865 discent
874 1791 982 1890 igitur
999 1793 1095 1882 hinc,
1112 1797 1232 1888 primo,

256 1937 340 1984 cum
357 1912 402 1984 de
420 1911 516 1984 libris
533 1910 663 2008 scriptis
680 1931 816 2009 agatur,
843 1937 915 1983 non
938 1929 1009 1985 tant
1037 1912 1233 1988 videndum

255 2033 335 2120 effe,
367 2057 474 2127 quarn
498 2032 624 2102 multos
651 2056 795 2103 numero
823 2031 1024 2120 habeamus,
1049 2028 1105 2103 sed
1124 2058 1233 2129 quam

254 2152 398 2239 multos,
429 2148 489 2244 qui
505 2150 600 2220 velut
619 2146 678 2244 jus
705 2148 876 2224 sententiae
894 2149 1050 2223 dicendae
1067 2151 1232 2243 habeant,

255 2295 337 2342 curn
354 2269 400 2340 de
416 2267 570 2341 lectionis
593 2267 734 2366 alicujus
750 2269 891 2343 veritate
908 2289 1092 2366 quaetatur.
1134 2273 1230 2347 Nam
1320 2280 1327 2291 '

255 2390 347 2459 situ
371 2407 512 2460 centum
542 2387 691 2461 Codices
720 2385 870 2485 ejusdem
900 2388 978 2463 libri
1004 2391 1143 2482 habeas,
1173 2417 1233 2465 eos

254 2525 370 2579 autem
398 2506 543 2596 constet,
587 2532 632 2579 ex
660 2533 730 2579 uno
758 2510 964 2604 apographo
996 2509 1119 2581 dusios
1147 2511 1230 2601 esse,

254 2651 326 2698 non
353 2624 413 2697 nist
430 2623 531 2698 unius
559 2625 638 2699 libri
649 2624 706 2723 jus
724 2631 759 2699 dc
786 2627 860 2699 vim
878 2628 1056 2700 obtineant
1073 2626 1232 2703 univerfi.

255 2747 337 2839 Jam
355 2769 471 2840 port0,
489 2768 605 2817 nonne
623 2764 764 2841 apparet
783 2747 851 2819 hoc
874 2748 1053 2842 exemplo,
1078 2744 1115 2817 id
1133 2748 1230 2843 quod

254 2866 364 2937 fidetn
386 2863 553 2936 excedere
574 2863 746 2953 videatur,
772 2890 895 2937 tnanus
918 2862 1076 2961 quamvis
1105 2866 1230 2939 multas

254 3007 327 3056 non
353 2982 462 3055 modo
485 2981 673 3079 saepissime,
705 2988 738 3056 ὃς
761 3001 848 3074 toto,
879 2986 975 3081 quod
996 2983 1105 3073 aiunt,
1138 2986 1230 3058 coelo

255 3101 426 3174 dissentire
442 3098 670 3196 inscriptura,
693 3101 797 3174 etiam
823 3129 900 3199 quae
930 3129 975 3175 ex
992 3104 1117 3177 eodem
1134 3102 1230 3178 fonte

252 3221 360 3294 dueta
376 3224 428 3310 stt,
448 3219 503 3293 sed
522 3219 624 3292 etiam
641 3223 735 3317 poffe
758 3247 798 3295 ac
827 3220 936 3294 solere
959 3222 994 3294 in
1020 3224 1145 3296 eodem
1173 3249 1228 3296 er·

252 3366 328 3414 rore
343 3338 430 3437 saepe
450 3338 585 3413 summa
607 3340 807 3430 concordia,
833 3345 926 3437 quast
954 3367 999 3414 ex
1028 3344 1227 3438 compasso,

253 3459 469 3534 consentite?
496 3460 641 3558 Denique
666 3460 843 3532 luculento
871 3462 1034 3555 exemplo
1062 3460 1223 3558 intelligi·

253 3599 321 3669 tur,
340 3605 446 3676 quant
474 3582 606 3652 sitnon
632 3579 740 3651 modo
765 3579 848 3651 utile
873 3581 917 3651 ad
936 3578 1120 3675 puritatem
1137 3581 1226 3654 inte-

255 3699 485 3796 gritatemque
501 3697 704 3794 scriptorum
722 3717 892 3787 veterum,
910 3697 968 3770 sed
991 3698 1094 3771 etiam
1111 3697 1227 3771 neces-

253 3817 392 3905 sarium,
422 3816 585 3913 plurimas
612 3815 776 3888 lectiones
804 3817 972 3890 variantes
997 3819 1063 3890 esse
1091 3822 1124 3890 81
1141 3845 1226 3892 con·

211 3944 216 3954 '
257 3933 360 4031 quiri.
408 3936 450 4007 ln
482 3934 574 4009 libris
605 3931 663 4008 sex
692 3934 862 4033 prioribus
895 3934 1023 4029 Taciti,
1064 3940 1088 4011 fi
1117 3937 1228 4012 varias
