2986 5138
223 698 289 809 o
410 700 1187 824 CORNELH

400 950 1021 1087 TACJTJ

331 1242 1069 1351 ANNALES.

433 1523 648 1637 LIBER
697 1524 1015 1603 PRIMUS,·

410 1763 992 1800 *-

219 1923 405 2070 Ursam
441 1983 598 2052 Rounsr
642 2006 662 2052 a
695 1979 865 2077 principio
898 2004 993 2078 reges
1026 1981 1186 2058 habudre‘.

216 2095 428 2171 Libertatem
448 2105 481 2171 ὃ(
499 2098 712 2172 consulatum
728 2103 774 2174 L.
787 2103 910 2172 Brutus
926 2098 1080 2171 instituit.
1098 2101 1184 2173 Dic-

216 2234 334 2288 taturae
367 2219 411 2289 ad
445 2237 582 2315 tempus
610 2217 852 2292 sumebantur:
888 2244 1002 2316 neque
1044 2219 1183 2291 decem·

215 2333 326 2406 viralis
365 2336 509 2431 potestas
542 2339 630 2410 ultra
662 2337 856 2427 biennium,
884 2362 997 2434 neque
1029 2336 1182 2410 tribuno-

214 2476 291 2525 rum
334 2453 485 2527 militum
524 2454 697 2528 consulare
727 2455 785 2554 jus
827 2456 888 2528 diu
930 2453 1049 2527 valuit.
1099 2458 1184 2529 Non

214 2570 349 2662 Cinnae,
375 2599 446 2644 non
471 2576 574 2646 Sullae
600 2577 705 2671 longa
730 2574 935 2647 dominatio:
964 2580 997 2646 dc
1025 2559 1183 2671 Pompeii

213 2689 386 2787 Craffique
399 2691 565 2787 potentia,
580 2692 649 2765 cito
662 2693 696 2764 in
713 2692 879 2765 Caesarem
892 2721 903 2778 ;
918 2691 1060 2788 Lepidi,
1079 2715 1184 2790 atque

214 2809 358 2881 Antonii
392 2836 499 2900 arma,
525 2811 562 2882 in
591 2812 789 2908 Augulbrm
806 2813 951 2896 cessere3
971 2811 1032 2907 qui
1061 2796 1186 2885 consta

214 2927 387 3001 discordiis
404 2929 564 3002 civilibus
581 2928 675 3018 fessa,
702 2929 842 3003 nomine
864 2930 1023 3025 Princrpis
1037 2928 1099 3003 sub
1115 2931 1181 3004 im·

214 3046 347 3142 perium
364 3047 508 3144 accepit.
557 3049 624 3122 Sed
641 3048 762 3120 veteris
780 3046 901 3144 populi
920 3049 1073 3121 Romani
1091 3044 1182 3146 pros-

214 3190 306 3261 pera,
319 3170 375 3238 vel
388 3167 537 3256 adversa,
552 3168 647 3240 claris
657 3166 873 3264 scriptoribus
883 3189 1071 3239 memorata
1080 3168 1156 3240 sunt
1171 3197 1180 3240 ε

211 3284 492 3382 temporibusque
502 3286 650 3383 Augusti
663 3284 818 3358 dicendis
831 3310 901 3357 non
910 3285 1048 3358 defuere
1060 3287 1184 3358 decora

211 3401 363 3500 ingenia,
390 3406 501 3478 donec
519 3403 681 3502 gliscente
713 3403 909 3477 adulatione
926 3395 1182 3475 deterrerentur.

212 3521 358 3612 Tiberii,
372 3523 530 3619 Caiique‚
546 3529 579 3595 &
592 3522 743 3612 Claudii,
762 3548 801 3594 ac
818 3520 968 3592 Neronis
980 3545 1044 3608 res,
1060 3522 1183 3592 floren·

212 3639 304 3713 tibus
316 3641 412 3737 ipsis,
429 3643 476 3714 ob
493 3662 626 3714 metum
642 3640 753 3726 falsa:
773 3639 954 3736 postquam
972 3637 1181 3727 occiderant,

212 3759 405 3831 recentibus
434 3759 522 3831 odiis
551 3762 748 3855 composrtae
764 3757 852 3829 sunt.
902 3759 987 3829 lnde
1003 3755 1183 3829 confilium

212 3875 298 3953 mihi
316 3902 426 3973 pauca
442 3879 486 3950 de
504 3877 677 3975 Augusto,
704 3880 737 3948 δι
756 3897 909 3950 extrema
925 3877 1078 3950 tradere:
1098 3900 1183 3951 mox

626 4034 629 4038 Δ
660 3997 725 4072 Ba
