2986 5138
503 574 809 644 Auunarunr
842 573 951 646 L1u.
984 574 1012 646 Ι.
1186 599 1229 672 35

260 740 403 838 perduci
424 742 468 813 ad
490 740 523 814 se
534 744 703 816 Plancum
717 744 875 840 imperat,
899 744 1087 840 recipitque
1108 746 1144 819 in
1168 748 1229 820 tri-

260 863 378 934 bunal.
436 861 534 933 Tum
570 870 596 904 “
623 861 785 935 fatalem''
820 863 996 959 increpans
1031 872 1058 906 ‘⁶
1083 865 1229 957 rabiem,

263 988 417 1076 “neque
443 980 607 1069 militum,
625 979 696 1052 ¹sed
724 983 831 1053 delam
855 982 906 1053 irla
929 981 1140 1079 resurgere'',
1170 1009 1232 1060 cur

261 1099 417 1172 venerint
440 1099 542 1197 legati
564 1099 690 1196 aperit:
720 1099 814 1197 “jus
830 1101 1024 1197 legationis,
1051 1122 1155 1197 atque
1175 1104 1230 1200 ip-

261 1227 288 1261 “
305 1223 368 1291 fius
388 1219 505 1290 Planci
526 1244 669 1315 gravem
686 1219 723 1289 δι
747 1218 961 1291 immeritum
977 1217 1106 1308 casum,
1131 1225 1230 1294 sunul

262 1346 471 1434 “quantum
494 1337 672 1410 dedecoris
697 1336 817 1409 adierit
841 1337 974 1433 legio,'’
997 1335 1144 1410 facunde
1166 1340 1231 1411 mi·

260 1457 386 1530 seratur
400 1485 408 1526 :
432 1456 643 1552 attonitique
656 1456 778 1553 magis,
802 1456 909 1552 quim
923 1456 1036 1551 quietfi
1047 1456 1230 1548 concione,

261 1577 392 1673 legatos
406 1575 562 1670 praefidio
575 1575 792 1646 auxiliarium
806 1574 964 1670 equitum
976 1575 1131 1648 dimittit.

309 1697 390 1766 XL.
418 1696 474 1765 Eo
491 1719 535 1765 ru
550 1719 659 1766 Maru
673 1696 816 1791 arguere
829 1694 1078 1767 Germanicum
1091 1721 1227 1787 omnes,

259 1813 356 1910 qubd
373 1838 443 1886 non
464 1815 509 1885 ad
531 1812 740 1908 superiorem
762 1813 953 1885 exercitum
975 1835 1145 1909 pergeret,
1168 1815 1230 1888 ubi

258 1931 433 2030 obsequia,
461 1937 494 2004 δι
509 1953 628 2004 contra
645 1933 788 2004 rebelles
803 1931 982 2003 auxilium.
1034 1931 1159 2004 “Satis
1176 1931 1230 2005 su-

260 2059 431 2148 “perque
457 2050 611 2123 misstone
636 2052 673 2121 δι
699 2050 858 2146 ρεςυηίἒι,
888 2055 922 2122 &
951 2050 1113 2122 mollibus
1142 2076 1227 2123 con·

259 2169 390 2242 “sultis
405 2189 605 2267 peccatum:
634 2170 689 2241 vel
707 2174 729 2243 st
747 2169 822 2241 vilis
835 2170 895 2265 ipsr
912 2169 1012 2257 salus,
1038 2194 1099 2241 cur
1115 2169 1228 2243 filium

259 2295 286 2331 “
301 2290 500 2383 parvulum,
526 2314 587 2360 cur
608 2287 787 2385 gravidam
803 2287 990 2385 conjugem
1006 2287 1094 2359 inter
1110 2286 1226 2360 furen-

259 2415 286 2450 “
301 2428 364 2496 tes,
388 2407 425 2477 δε
452 2407 565 2479 omnis
590 2408 733 2478 humani
746 2406 834 2503 juris
857 2407 1039 2479 violatores
1056 2408 1224 2480 haberet?

258 2525 376 2598 “illos
396 2524 514 2598 saltem
536 2551 617 2614 avo,
642 2531 675 2598 δι
698 2525 893 2622 reipublicae
911 2527 1105 2598 redderet.''
1153 2527 1227 2600 Diu

257 2647 448 2734 cundatus,
474 2643 709 2741 aspernantem
736 2671 898 2733 uxorem,
934 2645 1016 2718 clun
1041 2652 1067 2688 “
1090 2644 1122 2716 se
1141 2646 1227 2717 divo

259 2771 285 2805 “
301 2764 461 2861 Augusto
478 2785 603 2852 ortam,
631 2788 743 2858 neque
767 2764 976 2860 degenerem
992 2765 1036 2836 ad
1053 2763 1228 2860 pericula'’

257 2883 447 2971 testaretur,
475 2882 649 2977 postremi)
667 2902 804 2953 uterum
827 2879 912 2977 ejus,
941 2887 974 2954 &
999 2906 1227 2955 communem

257 3001 369 3073 filiurn
405 3003 517 3073 multo
553 3027 635 3072 cum
671 3003 753 3072 lletu
787 3003 1007 3097 complexus,
1048 3023 1087 3073 ut
1119 3002 1229 3074 abiret

256 3121 415 3217 perpulit.
450 3120 636 3193 Incedebat
652 3118 870 3191 muliebre&
883 3118 1071 3193 miserabile
1083 3146 1227 3217 agmen,

257 3238 406 3336 profuga
421 3238 518 3310 ducis
540 3263 630 3310 uxor
648 3239 830 3334 parvulum
856 3241 927 3310 smu
947 3239 1058 3311 filium
1085 3265 1206 3336 gerens
1213 3266 1244 3325 ;·

255 3358 477 3454 lamentantes
491 3357 623 3430 circirm
635 3356 828 3429 amicorum
842 3355 1021 3454 conjuges,
1036 3383 1113 3454 quae
1128 3358 1226 3428 simul

256 3477 496 3548 trahebantur:
521 3501 584 3548 nec
597 3475 711 3547 minlrs
727 3475 836 3547 tristes
849 3476 908 3572 qui
922 3479 1118 3548 manebant.

303 3595 403 3666 XLI.
428 3595 520 3666 Nou
546 3600 762 3666 rnonaurrs
786 3592 942 3683 Caesaris,
965 3619 1076 3690 neque
1097 3593 1164 3667 suis
1189 3594 1227 3669 in

256 3711 386 3801 castris,
411 3712 467 3784 sed
480 3714 576 3784 velut
592 3713 627 3783 in
639 3714 726 3785 urbe
738 3712 841 3801 vids,
867 3711 981 3802 facies,
1010 3713 1227 3810 gemitusque

256 3856 295 3902 ac
308 3832 476 3926 planctus,
499 3830 602 3902 etiam
618 3829 769 3903 militum
781 3857 879 3904 aures
893 3857 1023 3929 oraque
1035 3832 1226 3905 advertsre.

256 3950 533 4048 Progrediuntur
562 3949 814 4120 contubelgniis:
854 3951 984 4047 “quis
1012 3949 1068 4022 ille
1102 3951 1226 4026 flebilis

759 4071 779 4117 a
