2986 5138
164 4022 238 4064 οῖ’

280 545 347 640 156
458 545 810 617 ccomm
843 546 1049 618 Tacttr

277 715 408 787 Drusus
424 715 579 804 adsensrt,
598 744 811 813 quamquam
828 717 884 790 alii
902 717 1018 789 mitiirs
1031 713 1245 787 censuissent:
1298 774 1302 779 .

278 859 363 903 mox
381 837 523 922 Scauro,
554 836 613 930 qui
634 837 739 906 filiam
761 862 804 907 ex
830 841 870 907 el
897 855 1076 932 genuerat,
1110 836 1247 923 datum,

277 975 321 1021 ne
349 953 440 1023 bona
467 953 733 1047 publicarentur.
812 956 909 1024 Tum
935 955 1079 1025 demum
1113 954 1248 1048 aperuit

276 1069 449 1157 TiberiuS,
480 1079 745 1167 “compertum
770 1071 830 1142 fibi
847 1071 952 1144 etiam
973 1098 1017 1142 ex
1046 1075 1086 1143 P.
1100 1072 1248 1167 Qririnii

277 1194 305 1229 “
323 1187 439 1279 servis,
457 1215 592 1261 veneno
609 1216 688 1262 eum
711 1216 731 1260 a
758 1191 893 1284 Lepida
911 1189 1094 1285 petitum.''

323 1309 458 1379 XXIV.
483 1311 735 1381 ls'scsrnwru
755 1313 926 1380 domuum
944 1308 1081 1380 adversa
1099 1309 1248 1402 (etenim

275 1428 370 1499 haud
387 1427 539 1498 multum
555 1427 690 1498 distanti
707 1449 863 1522 tempore
880 1427 1056 1522 Calpurnii
1072 1426 1246 1517 Pisonem,

275 1545 411 1619 AEmilii
441 1546 617 1641 Lepidam
642 1544 841 1638 amiserant)
883 1545 1001 1617 solatio
1029 1545 1155 1618 adfecit
1199 1549 1247 1619 D.

274 1663 421 1751 Silanus,
450 1664 563 1758 Juniae
578 1662 717 1735 familiae
736 1664 888 1736 redditus
906 1693 914 1736 ε
944 1663 1058 1735 casum
1075 1663 1146 1760 ejus
1163 1691 1248 1760 pau·

275 1782 324 1854 cis
341 1804 504 1878 repetam.
529 1785 582 1854 Ut
599 1782 713 1853 talida
730 1782 814 1855 divo
831 1783 993 1879 Augusto
1019 1783 1053 1853 in
1081 1786 1246 1878 rempub·
1285 1786 1290 1795 “

275 1900 378 1972 licam
411 1898 561 1989 fortuna,
591 1901 637 1972 ita
652 1902 749 1972 domi
768 1901 977 1998 improspera
1002 1899 1080 1990 suit,
1108 1903 1155 1973 ob
1180 1900 1246 1972 im·

274 2018 479 2114 pudicitiam
507 2019 588 2091 filiae
628 2045 668 2091 ac
702 2020 826 2116 neptis,
866 2047 949 2116 quas
975 2022 1074 2092 Urbe
1098 2020 1246 2115 depulit,

272 2136 513 2234 adulterosque
529 2163 647 2210 earum
663 2159 773 2210 morte
790 2158 849 2210 aut
863 2136 946 2235 fuga
961 2138 1097 2234 punivit
1115 2168 1123 2209 :
1165 2166 1247 2212 nam

273 2257 412 2351 culpam
429 2255 517 2328 inter
534 2255 676 2328 virosae
694 2254 837 2328 seminas
850 2257 1042 2353 vulgatam,
1067 2257 1166 2354 gravi
1183 2283 1246 2330 no-

274 2373 375 2452 mine,
394 2381 420 2416 “
440 2371 595 2446 laesarum
627 2373 876 2470 religionum,'’
905 2400 943 2451 ae
970 2382 997 2416 “
1012 2374 1148 2449 violata
1172 2403 1247 2448 ma-

277 2499 305 2533 “
317 2490 470 2588 jestatis''
492 2493 714 2588 appellando,
738 2493 958 2564 clementiam
976 2491 1147 2588 majorum
1160 2493 1247 2566 suas·
1310 2487 1317 2498 ’

274 2635 344 2705 que
367 2607 437 2705 ipse
463 2612 556 2707 leges
574 2611 824 2708 egrediebatur.
873 2613 940 2684 Sed
952 2613 1101 2685 aliorum
1118 2613 1245 2703 exitus,

274 2730 373 2800 simul
391 2749 502 2800 cetera
532 2729 621 2801 illius
639 2730 745 2804 aetatis
773 2733 988 2820 memorab0‚
1014 2735 1035 2803 st
1062 2731 1189 2803 essedis
1211 2732 1246 2803 in

274 2874 353 2943 quae
371 2849 478 2937 tendi,
505 2851 619 2944 plures
637 2851 679 2921 ad
698 2876 793 2922 curas
807 2849 916 2920 vitam
935 2853 1146 2945 produxero
1199 2855 1246 2923 D.

273 2967 422 3056 Silanus,
462 2969 497 3038 in
537 2969 632 3063 nepti
666 2969 812 3065 Augusti
842 2971 987 3057 adulter,
1029 2996 1246 3066 quamquam

274 3112 345 3158 non
373 3088 463 3157 ultra
487 3085 572 3157 foret
589 3086 757 3175 saevitum,
788 3089 894 3183 quim
913 3109 949 3157 ut
966 3088 1115 3160 amicitid
1134 3087 1245 3160 Caesa-

273 3208 317 3278 ris
340 3206 589 3301 prohiberetur,
619 3206 774 3277 exslium
804 3206 863 3277 sibi
890 3207 1115 3278 demonstrari
1143 3207 1244 3279 intel-

273 3325 384 3396 lexit:
423 3350 501 3412 nec,
539 3324 597 3394 nisi
641 3325 784 3396 Tiberio
809 3326 1039 3421 imperitante,
1069 3327 1244 3421 deprecari

271 3442 424 3516 senatum
443 3469 481 3514 ac
500 3443 695 3538 Principem
713 3442 809 3515 ausus
826 3445 887 3532 est,
918 3449 973 3517 M.
1004 3445 1107 3517 Silani
1134 3443 1243 3516 fratris

273 3562 439 3656 potentis,
459 3562 518 3657 qui
536 3587 595 3657 per
613 3561 779 3657 insignem
798 3564 1014 3636 nobilitatem
1029 3570 1060 3636 Sc
1077 3566 1244 3659 eloquen-

271 3679 357 3751 tiam
385 3682 612 3774 praecellebat.
671 3682 736 3751 Sed
775 3683 936 3753 Tiberius
980 3704 1090 3780 grates
1129 3685 1243 3780 agenti

272 3797 399 3883 Silan0,
435 3797 588 3891 patribus
621 3824 737 3869 coram
770 3799 957 3895 respondit,
1002 3801 1075 3873 “se
1104 3829 1245 3898 quoque

265 3920 302 4007 '⁴‘
320 3913 425 3985 laetari
443 3915 538 4011 qubd
555 3913 656 3989 stater
673 3915 743 4012 ejus
770 3945 788 3990 e
811 3920 1085 4019 peregrinatione
1104 3921 1244 4019 longin.
