2986 5138
328 617 396 687 ¹34
562 590 1122 663 C.Conu1=.t11Tsc1r1

324 784 416 835 erat:
454 769 487 836 δι
522 766 552 837 C
555 764 634 838 asar
668 766 827 862 quamvis
884 762 1127 861 posthabitam,
1178 761 1295 836 decies

325 883 461 955 sestertii
486 885 570 956 dote
592 884 713 956 solatus
736 885 795 956 est.

386 1006 611 1076 LXXXVII.
667 1007 877 1076 Sinuri-mar
926 1028 1072 1075 annonae
1119 1000 1296 1073 incusante
1348 1056 1355 1065 .

324 1123 440 1217 plebe,
480 1122 593 1194 statuit
626 1120 800 1194 frumento
839 1122 989 1218 pretium
1025 1122 1121 1217 quod
1157 1141 1295 1216 emptor

324 1243 501 1336 penderet,
530 1249 555 1283 “
575 1239 740 1337 binosque
758 1267 919 1313 nummos
951 1239 984 1312 se
1013 1239 1214 1312 additurum
1232 1265 1292 1311 ne-

325 1367 353 1401 “
373 1360 600 1456 gotiatoribus
629 1360 663 1431 in
693 1362 841 1456 fingulos
870 1360 1044 1432 modios.”
1092 1361 1220 1455 Neque
1240 1380 1292 1432 ta-

323 1502 404 1550 men
432 1482 479 1551 ob
507 1505 546 1551 ea
563 1483 706 1574 parentis
742 1483 872 1576 patrrie,
913 1481 1068 1551 delatum
1105 1483 1137 1550 δι
1177 1499 1291 1568 antea,

322 1599 536 1670 vocabulum
564 1598 761 1695 adsumpfit,
795 1602 988 1694 acerbeque
1016 1597 1187 1694 increpuit
1219 1625 1293 1688 eos,

324 1716 384 1812 qui
417 1721 544 1788 divinas
574 1723 792 1814 occupationes,
822 1718 1004 1814 ipsumque
1034 1720 1185 1789 dominum
1213 1719 1291 1790 dix-

322 1857 441 1909 erant:
471 1840 564 1909 unde
580 1837 726 1934 angusta
759 1842 791 1910 δι
819 1837 952 1910 lubrica
980 1836 1086 1909 oratio
1114 1836 1175 1910 sub
1192 1837 1291 1909 Prin-

322 1956 413 2052 cipe,
466 1957 526 2053 qui
581 1957 776 2030 libertatem
820 1940 1010 2046 metuebat,
1060 1957 1292 2029 adulationem
1313 2046 1330 2077 ⁹

322 2077 453 2149 oderat.

371 2198 614 2269 LXXXVIII.
647 2200 832 2270 Raranro
862 2199 957 2294 apud
990 2196 1170 2294 scriptores
1199 2194 1292 2268 sena-

321 2313 476 2410 toresque
526 2319 729 2388 eorumdem
773 2337 987 2413 temporum,
1034 2315 1292 2412 Adgandestrii,

322 2432 488 2528 principis
504 2435 701 2521 Cattorum,
731 2437 832 2507 lestas
861 2436 896 2506 in
918 2435 1034 2508 senatu
1061 2436 1187 2523 literas,
1214 2432 1291 2530 qui-

323 2553 387 2623 bus
417 2559 443 2592 “
464 2572 614 2622 mortem
640 2552 814 2625 Arminii''
858 2556 1094 2651 promittebat,
1130 2557 1196 2625 “si
1231 2578 1292 2648 pa-

324 2675 352 2711 “
369 2671 498 2740 tranda}
516 2669 592 2742 neci
608 2696 781 2745 venenum
807 2675 1001 2747 mitteretur
1017 2677 1053 2746 :'’
1079 2671 1291 2768 responsum-

322 2814 391 2885 que
425 2791 504 2877 eII'c,
546 2796 571 2830 “
591 2817 660 2862 non
705 2791 838 2880 fraude,
878 2819 992 2890 neque
1030 2791 1188 2879 occultis,
1236 2790 1291 2862 scd

324 2915 350 2950 “
371 2909 484 3002 palam
503 2913 724 2981 &armatum
749 2915 918 3007 populum
948 2918 1151 2985 Romanum
1181 2910 1292 2981 hostes

324 3027 446 3098 “suos
470 3026 585 3099 ulcisci
601 3031 637 3098 :'’
678 3035 745 3125 qusr
764 3031 874 3126 glorias
891 3034 1050 3127 aequabat
1073 3030 1106 3103 se
1129 3029 1292 3102 Tiberius

324 3145 439 3243 priscis
470 3147 746 3242 imperatoribus,
770 3149 829 3243 qui
858 3175 1032 3221 vencnum
1061 3149 1096 3220 in
1122 3151 1292 3243 Pyrrhum

322 3290 442 3362 regem
460 3288 651 3354 vetuerant,
679 3268 981 3363 prodiderantque.
1031 3269 1196 3340 Ceterum
1226 3272 1292 3338 Ar-

323 3385 463 3474 minius,
490 3385 752 3458 abscedentibus
770 3387 954 3474 RomaniS,
985 3391 1017 3458 &
1046 3385 1141 3482 pulso
1168 3389 1291 3458 Maro-

324 3507 456 3593 boduo,
503 3531 649 3601 regnum
677 3503 865 3593 adfectans,
893 3505 1084 3578 libertatem
1118 3503 1290 3600 populari-

323 3651 384 3695 um
424 3623 599 3695 advcrsam
632 3623 777 3695 habuit:
818 3623 1008 3721 petitusque
1051 3625 1166 3712 armis,
1208 3623 1289 3694 cum

324 3743 414 3814 vari&
440 3741 574 3813 sortunfi
597 3761 751 3829 certaret,
781 3743 865 3813 dolo
895 3743 1168 3839 propinquorum
1201 3740 1289 3812 ceci-

323 3861 400 3931 dit:
445 3860 604 3932 Iiberator
641 3862 733 3932 haud
767 3861 874 3932 dubie
903 3859 1112 3948 Germaniae,
1151 3864 1184 3931 δι
1227 3859 1288 3954 qui

323 4002 393 4056 non
420 3977 605 4072 primordia
634 3978 754 4074 populi
785 3981 953 4070 Romani,
989 3982 1069 4053 sicut
1103 3978 1159 4052 alii
1192 4004 1291 4077 reges
