2986 5138
261 583 307 656 74
459 559 1052 634 C.Conusa11Tne1rr

259 733 350 808 subit
378 738 503 832 pudor,
544 738 838 836 “degeneravisse
868 739 1036 810 Parthos:
1081 737 1225 833 petitum

261 861 289 895 “
306 855 373 926 alio
390 882 433 928 ex
450 860 533 930 orbe
560 881 678 954 regem
706 857 854 929 hostium
883 856 1013 928 artibus
1027 855 1194 930 infectum
1214 887 1224 930 a

259 973 373 1070 “jam
402 976 489 1047 inter
507 976 698 1072 provincias
716 979 894 1048 Romanas
911 975 1032 1047 solium
1045 974 1224 1050 Arsacida-

260 1101 287 1136 “
306 1120 384 1165 rum
400 1095 529 1181 haberi,
548 1095 704 1190 darique.
753 1094 828 1166 Ubi
856 1094 950 1165 illam
975 1094 1124 1191 gloriam
1152 1119 1225 1168 tru-

259 1220 287 1255 “
306 1214 493 1286 cidantium
522 1215 690 1301 Crassum,
727 1213 986 1285 exturbantium
1014 1215 1223 1307 Antonium,

259 1340 285 1375 “
305 1331 554 1427 fimancipium
572 1330 721 1420 Caesaris,
744 1351 796 1402 tot
815 1357 874 1427 per
896 1357 1004 1404 annos
1028 1330 1224 1408 servitutem

259 1459 287 1494 “
305 1454 514 1547 perpessum,
552 1449 684 1522 Parthis
717 1449 891 1546 imperitet
907 1452 947 1521 ?'’
999 1454 1225 1525 Accendebat

257 1571 540 1667 dedignantes&
566 1568 649 1665 ipse,
670 1567 821 1641 diversus
849 1595 869 1641 a
895 1567 1066 1666 majorum
1091 1569 1225 1644 institu-

257 1689 313 1777 tis,
356 1715 430 1761 raro
456 1710 593 1777 venatu,
625 1687 719 1786 segni
744 1714 916 1784 equorum
938 1693 1040 1774 cursu
1065 1690 1224 1784 quotiens

258 1834 319 1905 per
346 1808 447 1880 urbes
475 1807 660 1896 incederet,
687 1807 815 1881 lecticae
838 1807 1038 1905 gestamine,
1066 1806 1224 1903 fastuque

258 1953 342 2024 erga
367 1927 491 2023 patrias
524 1929 666 2023 epulas:
707 1926 942 2000 inridebantur
967 1930 1000 1998 δι
1025 1925 1139 1998 Graeci
1164 1951 1223 1997 co-

257 2047 371 2136 mites,
412 2073 452 2119 ac
479 2046 633 2119 vilissima
656 2045 851 2119 utensilium
877 2047 980 2118 anulo
1001 2041 1137 2117 clausa:
1164 2042 1223 2119 sed

259 2165 412 2263 prompti
449 2165 574 2254 aditus,
614 2165 718 2238 obvia
751 2165 909 2254 comitas,
941 2163 1067 2262 ignotae
1087 2163 1224 2237 Parthis

257 2286 411 2375 virtutes,
444 2311 535 2358 nova
565 2284 672 2370 vitia3
712 2286 748 2356 &
788 2283 868 2380 quia
890 2281 1041 2379 ipsorum
1069 2283 1223 2356 moribus

254 2403 376 2492 aliena,
403 2404 545 2500 perinde
567 2404 689 2476 odium
719 2402 830 2500 pravis
857 2405 889 2474 δι
912 2400 1073 2474 honestis.

314 2526 376 2595 111.
411 2525 550 2594 lorrun
582 2526 777 2595 Artabanus
812 2517 1054 2592 Arsacidarum
1090 2547 1109 2593 e
1146 2520 1222 2593 san·

257 2640 375 2738 guine,
405 2641 499 2735 apud
526 2642 642 2713 Dahas
665 2642 814 2728 adultus,
853 2637 1011 2724 exeitur3
1039 2640 1222 2738 primoque

256 2760 438 2856 congressu
465 2757 568 2847 fusus,
596 2780 728 2855 reparat
752 2760 854 2848 vires,
878 2785 1058 2855 regnoque
1081 2759 1222 2856 potitur.

255 2877 358 2950 Victo
381 2878 519 2948 Vononi
557 2877 753 2975 perfugium
795 2879 961 2951 Armenia
998 2877 1076 2967 fuit,
1115 2905 1223 2950 vacua

255 3016 352 3085 tunc,
383 2996 538 3093 interque
565 3000 769 3070 Parthorum
798 3003 831 3070 δι
859 3001 1037 3070 Romanas
1061 3022 1145 3092 opes
1169 2998 1222 3068 in·

256 3117 340 3204 sida,
367 3119 413 3187 ob
441 3116 546 3188 scelus
571 3115 730 3203 Antonii,
754 3115 813 3211 qui
843 3114 1071 3204 Artavasden,
1105 3142 1221 3213 regem

255 3235 517 3323 Amreniorum,
541 3234 648 3332 speeie
666 3232 824 3305 amicitia
849 3232 1026 3321 inledum,
1061 3234 1141 3305 dein
1165 3261 1221 3306 ca-

253 3355 340 3427 tenis
354 3376 547 3443 oneratum,
568 3352 742 3450 postremo
759 3349 984 3423 interfecerat.
1027 3351 1110 3448 Ejus
1133 3353 1222 3424 silius

254 3475 429 3564 Artaxias,
460 3473 625 3546 memoriis
650 3471 751 3567 patris
776 3471 874 3543 nobis
899 3470 1059 3560 infensus,
1086 3470 1221 3543 Arsaci-

252 3593 374 3664 darum
399 3594 432 3663 vi
457 3592 559 3687 seque
583 3616 800 3687 regnumque
828 3609 954 3660 tutatus
978 3590 1036 3660 est.
1097 3590 1221 3662 Occiso

254 3711 397 3781 Artaxias
420 3737 479 3804 per
505 3712 627 3781 dolum
654 3709 939 3804 propinquorum,
972 3708 1072 3778 datus
1096 3734 1115 3778 a
1142 3709 1219 3778 Cae-

252 3826 322 3899 sare
352 3827 524 3899 Armeniis
546 3827 731 3922 Tigranes,
756 3824 990 3922 dedusiusque
1014 3824 1050 3894 in
1067 3848 1218 3917 regnum

252 3970 273 4021 a
296 3943 441 4020 Tiberio
459 3946 612 4018 Nerone.
661 3947 739 4018 Nec
755 3944 900 4043 Tigrani
926 3943 1129 4017 diuturnum
1150 3942 1217 4015 im-
