2986 5138
432 561 739 630 Atiniarum
769 559 884 632 Lra.
918 559 978 630 Vl.
1064 536 1069 554 ⁸
1159 584 1228 657 ²95

261 749 332 819 tus,
349 731 530 805 honestum
547 733 655 806 finem
671 731 827 806 voluiffe.
876 732 1040 806 Ceterum
1062 732 1228 832 Agrippi·

261 874 316 922 nae
332 850 511 946 pernicies,
534 852 632 949 quod
645 850 707 923 vix
724 851 898 941 credibile,
916 851 1118 925 Plancinam
1135 875 1228 926 trax·

260 968 298 1042 it.
348 972 470 1066 Nupta
492 970 578 1043 olim
594 973 660 1043 Cn.
677 967 803 1059 Pisoni,
831 976 864 1044 &
893 972 1007 1067 palam
1024 972 1101 1043 laeta
1118 992 1229 1045 morte

261 1088 472 1178 Germanici,
497 1090 580 1162 cbm
601 1089 679 1163 Piso
695 1091 846 1181 caderet,
865 1090 1023 1186 precibus
1046 1090 1228 1188 Augustae,

261 1231 326 1280 nec
363 1206 480 1280 minias
516 1207 704 1281 inimicitiis
739 1209 946 1307 Agrippinae
974 1209 1110 1282 defensa
1147 1229 1229 1283 erat.

261 1328 315 1399 Ut
330 1327 451 1400 odium
477 1332 510 1400 dt
533 1329 643 1426 gratia
658 1329 799 1416 deflere,
822 1325 880 1424 jus
895 1327 1029 1402 valuit:
1056 1327 1231 1424 petitaque

260 1445 461 1520 criminibus
486 1449 581 1520 haud
608 1446 751 1546 ignotis,
774 1446 832 1520 sud
856 1473 976 1537 manu,
1009 1446 1079 1520 sera
1102 1447 1228 1546 magis,

262 1566 369 1661 quam
387 1565 561 1639 immerita
575 1564 744 1663 supplicia
759 1564 931 1663 persolvit.

310 1686 464 1758 XXVII.
489 1687 575 1758 Tor
600 1711 792 1758 Lucrinus
820 1683 952 1759 sunestd
976 1684 1128 1776 civitate,
1154 1711 1230 1782 pars

261 1803 413 1877 maeroris
438 1803 517 1894 suit,
550 1803 645 1902 qubd
671 1804 778 1900 Julia,
814 1807 915 1877 Drusi
941 1803 1025 1894 filia,
1051 1806 1231 1901 quondam

262 1922 414 1996 Neronis
430 1948 533 2012 uxor,
557 1923 713 2020 denupsit
730 1923 766 1996 in
782 1925 930 1997 domum
957 1923 1111 1996 Rubellii
1129 1924 1230 1996 Blan-

260 2040 312 2129 di,
337 2039 432 2139 cujus
457 2066 578 2131 avum,
603 2042 799 2133 Tiburtem,
826 2042 980 2139 equitem
1009 2046 1228 2131 Romanum,
1331 2032 1333 2037 ¹

259 2159 417 2257 plerique
440 2160 680 2235 meminerant.
732 2165 901 2235 Extremo
926 2162 1006 2235 anni
1031 2186 1125 2233 mors
1142 2159 1229 2235 AElii

260 2278 396 2354 Lamiae
413 2279 533 2354 funere
549 2279 701 2354 censorio
717 2282 901 2370 celebrata,
916 2280 975 2379 qui
991 2279 1228 2353 administran-

256 2399 311 2473 dae
338 2399 443 2497 Syriae
469 2399 622 2498 imagine
638 2401 780 2473 tandem
796 2400 982 2487 exsolutus,
1016 2398 1107 2473 Urbi
1140 2424 1229 2494 prae·

260 2517 392 2592 suerat:
422 2545 531 2617 genus
558 2519 609 2591 illi
635 2521 814 2608 decorum,
842 2518 959 2592 vivida
987 2516 1164 2605 seneelus;
1194 2522 1229 2591 δι

260 2663 332 2710 non
370 2637 529 2733 permiffa
568 2639 745 2733 provincia
772 2637 1011 2736 dignationem
1037 2638 1229 2711 addiderat.
1345 2666 1349 2680 ·

263 2754 358 2827 Exin
385 2756 512 2828 Flacco
538 2757 752 2851 Pomponio,
784 2756 886 2851 Syriae
913 2777 1137 2852 propraetore,
1167 2757 1229 2829 de·

261 2870 394 2963 functo,
418 2873 604 2948 recitantur
623 2871 763 2946 Caesaris
796 2873 915 2963 literae,
953 2877 1033 2970 quis
1056 2874 1230 2949 incusabat

262 2991 489 3091 “egregium
518 3017 708 3090 quemque,
756 2996 789 3064 &
825 2993 985 3090 regendis
1020 2993 1229 3067 exercitibus

242 3156 243 3161 κ
263 3120 290 3156 “
309 3112 489 3202 idoneum,
508 3115 658 3185 abnuere
673 3111 710 3184 id
726 3137 878 3185 munus:
903 3108 1006 3209 seque
1027 3115 1066 3185 eal
1092 3116 1229 3185 neceffi-

262 3239 289 3276 “
308 3232 427 3305 tudine
443 3232 488 3305 ad
506 3256 622 3329 preces
639 3231 734 3328 cogi,
750 3256 811 3327 per
824 3256 910 3328 quas
922 3229 1149 3304 consularium
1166 3231 1227 3304 ali-

259 3351 367 3448 “qui
393 3353 561 3448 capeffere
588 3348 784 3448 provincias
809 3350 1028 3447 adigerentur
1041 3351 1078 3423 :”
1102 3350 1228 3425 oblitus

262 3469 466 3544 Arruntium
488 3495 533 3544 ne
560 3469 596 3543 in
619 3469 826 3567 Hispaniam
854 3490 1026 3567 pergeret,
1051 3471 1230 3544 decimum

253 3586 329 3689 jam
359 3615 490 3666 annum
515 3587 662 3662 attineri.
711 3588 812 3662 Obiit
841 3591 966 3665 eodem
990 3616 1083 3663 anno
1112 3595 1145 3663 δι
1171 3594 1228 3664 Μ.

261 3709 432 3807 Lepidus,
465 3710 511 3783 de
538 3707 635 3806 cujus
659 3708 909 3799 moderatione,
939 3730 1043 3808 atque
1068 3708 1231 3806 sapientis

261 3826 298 3901 in
317 3829 484 3924 prioribus
500 3828 594 3902 libris
609 3825 684 3900 satis
699 3828 903 3902 conlocavi:
938 3855 1052 3926 neque
1070 3830 1231 3905 nobilitas

261 3946 393 4024 diutius
418 3947 688 4026 demonstranda
709 3947 781 4020 est:
807 3947 937 4048 quippe
959 3948 1146 4026 AEmilium
1169 3977 1230 4052 ge·

721 4067 760 4142 U
783 4093 808 4161 4
