2986 5138
328 535 373 628 96
520 531 1112 609 ceommu‘rncm

350 710 384 778 δι
409 703 620 776 sermonibus
642 704 743 776 variis
766 725 905 801 tempus
934 725 1038 803 atque
1066 706 1130 778 iter
1162 706 1321 795 ducens;

349 825 461 896 donec
487 822 690 921 propinquis
719 821 877 894 Pisonem
916 822 1036 896 frustra
1069 827 1321 918 coercentibus,

349 941 474 1015 deferri
498 941 657 1038 Augusta
679 941 878 1037 pecuniam,
901 967 980 1038 quae
1006 944 1199 1038 petebatur,
1218 943 1323 1042 jube·

350 1082 411 1133 ret.
460 1058 560 1156 Isque
584 1059 661 1131 finis
684 1059 746 1150 rei,
773 1085 817 1131 ex
834 1062 903 1157 qul
920 1085 1033 1157 neque
1045 1059 1122 1132 Piso
1139 1062 1322 1159 inglorius,

350 1185 382 1252 δι
406 1178 517 1253 Caesar
541 1176 670 1274 majore
691 1177 782 1251 famlr
806 1178 882 1250 fuit.
931 1180 1096 1251 ceterum
1117 1183 1323 1278 Urgulaniae

351 1297 506 1396 potentia
518 1296 606 1369 adel>
621 1296 728 1368 nimia
740 1297 872 1369 civitati
889 1319 973 1388 erat,
993 1317 1034 1369 ut
1054 1298 1145 1371 testis
1167 1299 1203 1371 in
1222 1305 1325 1374 causfi

352 1419 504 1515 quddam
534 1443 613 1513 quae
636 1418 731 1512 apud
760 1415 914 1489 senatum
945 1418 1167 1506 tradabatur,
1207 1419 1325 1492 venire

349 1538 617 1634 dedignaretur:
644 1534 762 1607 milsus
788 1536 837 1608 est
874 1556 1014 1632 praetor,
1050 1537 1112 1632 qui
1141 1537 1240 1609 domi
1268 1538 1321 1610 in·

350 1676 565 1753 terroga1·et;
587 1656 668 1727 cum
689 1653 841 1751 virgines
858 1654 1010 1726 Vestales
1028 1653 1063 1725 in
1080 1654 1157 1726 foro
1170 1660 1203 1726 δι
1226 1655 1322 1752 judi-

352 1776 407 1849 cio
441 1774 563 1864 audiri,
589 1771 749 1870 quotiens
768 1772 1004 1845 testimonium
1028 1772 1193 1862 dicerent,
1222 1796 1325 1848 vetus

352 1921 430 1967 mos
455 1893 570 1967 fuerit.

401 2016 556 2088 XXXV.
583 2017 662 2086 Rus
687 2037 730 2084 eo
752 2037 845 2083 anno
875 2012 1021 2106 prolatas
1034 2010 1128 2082 haud
1145 2009 1324 2105 referrem,

352 2134 389 2206 ni
417 2133 565 2231 pretium
594 2130 698 2219 foret,
733 2131 799 2201 Cn.
837 2129 980 2218 Pisonis,
1025 2132 1059 2200 δι
1097 2130 1205 2201 Afinii
1230 2134 1326 2204 Galli

352 2251 451 2350 super
473 2278 514 2324 eo
533 2250 675 2348 negotio
696 2247 843 2321 diversas
861 2246 1040 2319 sententias
1059 2246 1208 2321 noscere.
1232 2250 1324 2341 Piso,

356 2378 384 2412 “
404 2397 620 2468 quamquam
637 2366 840 2440 abfuturum
867 2366 901 2439 se
929 2366 1065 2440 dixerat
1082 2366 1209 2458 Caesar,
1227 2371 1274 2441 ob
1287 2369 1326 2441 id

355 2489 511 2585 “magis
532 2488 708 2586 agendas”
742 2483 913 2576 censebat,
949 2494 975 2527 “
994 2491 1027 2558 δι
1057 2485 1194 2559 absente
1226 2488 1325 2560 Prin-

354 2614 382 2649 “
400 2606 491 2702 cipe,
515 2605 669 2678 senatum
702 2609 736 2676 ὃ(
765 2605 898 2701 equites
915 2605 1010 2701 polle
1037 2604 1095 2676 sua
1123 2605 1242 2677 munia
1257 2605 1326 2680 sus-

356 2725 510 2797 “tinere
553 2726 719 2797 decorum
769 2723 967 2820 reipublicae
1018 2721 1127 2795 fore.''
1188 2727 1325 2815 Gallus,

354 2843 436 2940 quia
463 2843 611 2940 speciem
638 2842 804 2916 libertatis
837 2841 914 2942 Piso
947 2864 1168 2939 praeceperat,
1199 2845 1326 2918 “nihil

355 2970 381 3003 “
400 2960 475 3034 satis
493 2963 641 3052 inlustre,
670 2983 729 3033 aut
747 2988 790 3033 ex
808 2960 978 3058 dignitate
1004 2962 1123 3058 populi
1155 2965 1323 3056 Romani,

356 3088 384 3123 “
403 3082 462 3153 nisi
493 3108 610 3154 coram
637 3086 669 3153 δι
705 3079 768 3152 sub
784 3079 893 3152 oculis
911 3079 1075 3152 Caesaris:
1111 3083 1223 3178 edque
1244 3111 1327 3156 con·

356 3209 546 3273 “ventum
575 3201 682 3273 ltaliae
718 3205 751 3271 δε
784 3201 975 3271 adfluentes
1004 3199 1215 3295 provincias,
1241 3227 1327 3296 prae-

356 3327 382 3362 “
401 3319 515 3392 sentiae
545 3318 615 3417 ejus
640 3319 826 3392 servanda'’
849 3317 998 3390 dicebat.
1049 3319 1226 3391 Audiente
1252 3322 1327 3393 haec

354 3440 500 3513 Tiberio
527 3466 566 3512 ac
596 3441 724 3527 silente,
748 3437 883 3534 magnis
905 3436 1079 3533 utrimque
1096 3438 1327 3510 contentioni-

354 3562 419 3631 bus
436 3562 534 3644 aum
561 3556 619 3630 sed
641 3584 692 3630 res
708 3557 834 3629 dilatae.

404 3680 575 3750 XXXVI.
604 3678 659 3748 Er
685 3700 904 3748 csnrnuru
931 3676 1035 3747 Gallo
1059 3675 1221 3746 adversus
1247 3677 1325 3747 Cae-

356 3793 461 3867 sarem
486 3815 646 3866 exortum
676 3794 750 3865 est:
777 3819 859 3864 nam
874 3792 1002 3866 censuit
1031 3801 1057 3835 “
1075 3793 1110 3864 in
1128 3791 1327 3888 quinquen-

357 3913 455 3985 nium
480 3913 743 4010 magistratuum
769 3911 912 3987 comitia
929 3912 1110 3986 habenda:
1139 3931 1248 4008 utque
1278 3913 1327 3985 le-
