2986 5138
488 561 795 632 nnuman
829 559 942 632 Lrn.
975 557 1021 631 ΙΙ.
1187 584 1232 655 93

256 756 336 827 quae
371 729 548 825 posterum
584 731 680 802 diem
724 755 800 801 reus
836 729 981 825 petivit;
1016 730 1235 823 domumque

255 848 441 944 digressus,
461 871 631 921 extremas
649 875 765 945 preces
791 852 831 920 P.
858 848 1017 946 Quirinio
1040 847 1235 943 propinquo

257 965 319 1037 suo
335 967 378 1039 ad
396 967 593 1063 Principem
612 967 815 1040 mandavit:
848 965 1047 1065 responsum
1065 964 1125 1052 est,
1157 970 1182 1006 “
1198 984 1236 1034 ut

258 1085 458 1158 “senatum
489 1088 662 1183 rogaret.'’

314 1208 454 1278 XXXI.
492 1206 757 1277 Cruosssnrun
789 1204 928 1276 interim
953 1202 1063 1275 milite
1083 1201 1236 1286 domus;

261 1323 457 1418 strepebant
476 1323 580 1395 etiam
596 1323 630 1394 in
647 1323 831 1411 vestibulo,
861 1344 899 1394 ut
927 1322 1048 1410 audiri,
1074 1340 1113 1391 ut
1136 1316 1240 1414 aspici

261 1443 394 1536 pollent
413 1470 420 1510 :
448 1442 530 1513 clun
547 1441 657 1530 Lib0‚
676 1441 768 1536 ipsrs,
787 1441 925 1537 quasin
943 1440 1162 1511 novissimam
1175 1463 1237 1509 vo-

261 1562 433 1655 luptatem
462 1559 679 1648 adhibuerat,
709 1560 819 1655 epulis
853 1558 1080 1646 excruciatus,
1109 1582 1238 1629 vocare

260 1680 503 1773 percussorem,
535 1677 690 1773 prensare
716 1675 894 1750 servorum
911 1679 1064 1764 dextras,
1096 1673 1239 1757 inserere

262 1796 444 1892 gladium:
477 1818 582 1891 atque
604 1796 683 1884 illis,
718 1798 804 1867 dum
821 1795 1010 1892 trepidant,
1041 1796 1127 1868 dum
1146 1793 1238 1867 resu-

262 1915 375 2011 giunt,
404 1915 636 1987 evertentibus
658 1915 853 2010 adpositum
882 1917 1001 1984 mensal
1027 1914 1160 2002 lumen,
1188 1913 1238 1986 fe-

260 2034 386 2106 ralibus
408 2033 485 2130 jam
509 2033 568 2105 sibi
586 2033 749 2120 tenebris,
767 2035 856 2103 duos
874 2032 960 2104 ictus
979 2030 1161 2103 inviscera
1186 2033 1240 2104 di-

261 2152 359 2224 rexit.
411 2154 469 2223 Ad
497 2151 669 2248 gemitum
704 2151 933 2239 conlabentis,
971 2151 1154 2222 adcurrtlre
1199 2151 1239 2222 li·

262 2269 363 2360 berti,
395 2276 427 2342 δε
458 2272 552 2342 caede
581 2270 653 2342 viss
676 2269 774 2341 miles
792 2269 932 2341 abstitit.
983 2268 1167 2342 Accusatio
1188 2291 1239 2342 ta-

263 2413 344 2460 men
361 2389 454 2484 apud
473 2410 585 2484 patres
602 2388 855 2461 adseveratione
872 2389 994 2460 eadem
1012 2390 1159 2484 perada,
1180 2386 1240 2485 ju-

263 2508 420 2605 ravitque
449 2508 623 2597 Tiberius,
656 2508 887 2603 “petiturum
911 2506 944 2578 se
966 2506 1089 2596 vitam,
1118 2534 1242 2603 quam·

265 2631 292 2668 ‘⁴
311 2627 363 2699 vis
380 2627 535 2715 nocenti,
566 2627 625 2698 nisi
655 2626 887 2699 voluntariam
904 2647 1055 2697 mortem
1072 2653 1236 2723 propera-

265 2751 293 2786 “
312 2745 445 2817 viffet.’'

324 2864 481 2934 XXXII.
519 2866 632 2935 Boni.
661 2864 749 2937 inter
778 2863 990 2937 accusatores
1013 2864 1241 2940 dividuntur:

265 2982 299 3050 δι
318 3001 471 3074 praeturae
488 3002 586 3053 extra
603 2982 764 3055 ordinem
790 2985 879 3056 datae
909 2984 974 3072 his,
1001 2983 1061 3079 qui
1086 2982 1243 3057 senatorii

264 3097 393 3169 ordinis
427 3120 533 3172 erant.
594 3102 699 3173 Tunc
733 3103 836 3174 Cotta
874 3104 1090 3192 Messalinus,
1146 3111 1172 3145 “
1200 3130 1245 3177 ne

267 3224 296 3259 “
315 3217 435 3315 imago
451 3218 600 3291 Libonis
617 3218 794 3318 exsequias
819 3222 1037 3318 posterorum
1064 3222 1243 3294 comitare-

267 3342 295 3378 “
312 3340 408 3426 tur,''
449 3338 599 3411 censuit:
636 3340 702 3411 Cn.
731 3344 917 3430 Lentulus,
941 3349 971 3402 ,“
986 3367 1031 3412 ne
1055 3339 1131 3435 quis
1155 3340 1244 3410 Scri-

267 3460 296 3496 “
316 3455 440 3527 bonius
457 3478 734 3554 cognomentum
746 3461 848 3531 Drusi
863 3458 1055 3530 adsumeret
1066 3459 1102 3526 :''
1125 3463 1151 3497 “
1166 3456 1244 3552 sup-

267 3580 296 3615 “
315 3574 542 3670 plicationum
567 3576 681 3664 dies‚”
709 3576 895 3673 Pomponii
924 3575 1040 3647 Flacci
1067 3573 1245 3667 sententias,

266 3694 461 3766 constituti:
506 3701 584 3766 “ut
608 3696 702 3767 dona
737 3695 834 3789 Jovi,
860 3693 982 3782 Marti,
1025 3693 1244 3784 Concordiae,

269 3818 297 3853 “
316 3832 422 3908 utque
445 3814 575 3885 lduum
592 3813 848 3907 Septembrium
872 3813 958 3902 dies,
990 3837 1062 3908 quo
1087 3811 1120 3884 se
1147 3813 1245 3887 Libo

270 3935 298 3972 “
315 3929 543 4020 interfecerat,
570 3930 643 4002 dies
667 3930 772 4004 festus
798 3933 1019 4020 haberetur,''
1057 3933 1102 4004 L.
1126 3934 1166 4004 P.
1188 4002 1192 4007 .
1212 3938 1246 4007 &
