2986 5138
251 559 291 632 ,χι

297 726 378 799 Vid.
398 750 478 824 pag.
495 749 549 801 ro.
563 724 623 800 lin.
639 749 693 818 14.
719 728 845 801 Codex
862 723 1154 822 Guelferbytanus
1169 731 1228 802 etfi

251 868 367 917 recens
390 844 452 934 est,
469 864 587 918 tamen
605 851 638 917 δι
656 846 700 918 ad
717 846 879 919 lediiones
899 847 1082 919 nonnullas
1098 848 1227 920 confir·

249 965 407 1053 mandas,
427 971 461 1038 dr
477 965 522 1038 ad
538 963 695 1038 meliores
709 964 922 1063 indagandas
933 963 1079 1038 subinde
1091 963 1230 1062 profuit.

250 1083 505 1180 Compledlitur
528 1083 616 1157 solos
636 1083 740 1157 libros
769 1083 962 1157 Annalium
991 1084 1072 1156 inde
1095 1086 1141 1158 ab
1162 1111 1229 1157 un·

250 1202 405 1293 decimo,
433 1210 466 1277 &
494 1202 739 1278 Historiarum.
798 1202 951 1301 Scriptus
979 1203 1028 1276 est
1056 1204 1091 1276 in
1118 1228 1232 1278 mem·

251 1324 370 1411 brana,
391 1347 496 1396 manu
512 1324 682 1420 elegante,
711 1327 745 1396 dr
762 1325 882 1420 paffim
899 1325 1073 1397 corredus
1087 1349 1108 1397 a
1123 1349 1231 1397 manu

251 1440 421 1515 secunda:
454 1442 502 1514 ita
528 1461 657 1531 tamen,
685 1461 724 1514 ut
750 1444 956 1539 plerumque
984 1444 1137 1540 priorem
1159 1445 1229 1517 lec·

250 1559 384 1633 tionem
400 1558 539 1657 adsequi
554 1561 665 1634 liceat.
705 1561 943 1636 Corredliones
961 1561 1137 1659 saepiffime
1149 1587 1231 1637 curn

253 1677 461 1752 ledlionibus
490 1681 545 1753 ed.
575 1706 626 1777 pr.
655 1678 894 1754 consentiunt:
936 1684 1003 1754 five
1030 1704 1075 1752 ex
1104 1680 1232 1755 eodem

253 1796 398 1887 Codice,
425 1800 494 1872 srve
510 1824 554 1871 ex
567 1797 637 1896 ipsa
652 1799 711 1872 illa
727 1799 877 1872 editione
893 1818 1039 1896 promtae
1052 1794 1139 1869 sunt.
1188 1800 1233 1870 In

252 1917 443 1991 Germania
468 1917 672 1992 recensenda
698 1917 791 2012 (vid.
810 1942 890 2016 pag.
908 1942 962 1990 10.
978 1915 1027 1988 lin
1039 1915 1128 2009 aa.)
1154 1915 1234 1991 usus

251 2036 328 2110 sum
344 2038 449 2112 etiam
465 2037 627 2111 varietate
643 2029 784 2110 Codicis
800 2036 967 2109 chartacei
983 2033 1192 2125 Turicensrs,
1213 2063 1235 2110 a

252 2159 357 2232 Petro
380 2158 425 2229 de
442 2159 646 2254 Numagen,
664 2155 875 2245 Trevirenfi,
899 2156 1138 2252 capellanos,
1159 2159 1232 2230 Le·

252 2274 397 2347 onhardi
423 2299 531 2373 prope
557 2277 779 2373 Thuregum,
804 2274 852 2348 ita
875 2275 909 2349 se
935 2293 1036 2349 vocat
1060 2273 1145 2372 ipse,
1171 2275 1234 2350 sub

253 2395 361 2467 linem
390 2393 455 2468 sec.
484 2397 566 2481 Xy·
593 2392 733 2490 scripti:
775 2417 881 2491 quern
910 2417 988 2467 mea
1014 2395 1141 2483 cauffa,
1171 2417 1234 2491 pro

255 2515 414 2611 srngulari
441 2512 557 2588 suain
583 2539 641 2588 me
662 2512 917 2602 benevolentia,
942 2516 1109 2608 excerpfit
1135 2514 1169 2606 J.
1197 2514 1234 2607 J.

257 2638 500 2734 Breitingems,
514 2637 559 2706 V.
576 2635 619 2708 C.
647 2635 815 2707 Praeterea
831 2631 916 2706 mihi
929 2631 1088 2728 Kappius
1105 2630 1234 2722 noster,

256 2761 427 2837 obtulerat
455 2754 644 2828 editionem
663 2752 755 2848 (vid.
774 2776 854 2850 pag.
870 2754 927 2848 36.
945 2750 1005 2822 lin.
1020 2752 1097 2845 20.)
1126 2749 1234 2824 libelli

255 2878 486 2964 veterrimam,
512 2899 582 2973 qua
605 2873 840 2968 comparanda
865 2896 948 2946 cum
971 2869 1122 2968 vulgatis
1147 2894 1234 2970 cog·

255 3000 352 3088 novi,
374 2999 441 3069 effe
457 2994 556 3067 illum
574 2990 686 3090 ipsum
703 2991 886 3080 Codicem,
913 3013 1019 3087 quem
1045 2993 1091 3063 ab
1117 2992 1234 3063 Artol·

257 3122 329 3218 pho
347 3114 483 3190 medico
506 3131 681 3209 acceperat
705 3112 906 3185 Rhenanus.
957 3108 1042 3207 Ejus
1060 3134 1126 3207 ope
1150 3109 1236 3183 mihi

256 3237 354 3312 licuit
367 3232 512 3331 reperire
523 3230 694 3330 originem
707 3230 908 3319 ledtionum,
922 3231 1127 3303 aRhenano
1141 3229 1233 3325 (vid.

255 3383 337 3456 pag.
356 3381 413 3453 33.
443 3352 505 3426 lin.
528 3352 603 3446 ro.)
629 3351 665 3423 in
690 3349 790 3424 illum
817 3349 976 3422 libellum
999 3347 1233 3438 indudtarum,

259 3473 423 3573 &ipsum
448 3471 605 3544 libellum
633 3494 704 3543 non
731 3495 801 3543 uno
825 3469 862 3542 in
887 3470 966 3541 loco
994 3465 1235 3540 correctiorem

257 3596 412 3670 reddere.
462 3592 513 3663 Ita
540 3609 656 3663 autem
679 3589 716 3662 in
741 3588 858 3662 multis
877 3584 1042 3662 consentit
1065 3608 1147 3657 cum
1170 3609 1234 3657 ex·

259 3712 383 3810 cerptis
399 3709 523 3784 veteris
539 3708 712 3798 editionis,
729 3711 774 3781 ab
790 3710 878 3781 Abr.
896 3702 1078 3780 Gronovio
1093 3700 1235 3800 adjectis

258 3836 340 3909 Var.
366 3831 467 3909 Len.
484 3828 575 3903 Cod.
592 3828 730 3903 Arund.
754 3845 794 3901 ut
817 3828 863 3900 ab
890 3824 987 3900 initio
1002 3823 1151 3902 eandem
1168 3847 1233 3922 pu·
