2940 5146
133 555 204 625 300
324 528 367 601 C.
409 526 672 599 Coaurtrr
715 525 916 599 Tacrrr

127 705 257 774 rabano
286 702 466 798 plerisque,
495 723 553 774 aut
578 703 735 774 nondum
754 701 892 788 adultis,
916 702 1125 792 Phraaten,

130 823 219 919 regis
249 821 402 894 Phraatis
427 821 554 909 filium,
587 824 704 894 Roma
726 818 933 918 poscebant:
974 828 1006 864 “
1033 825 1123 894 No-

132 948 160 983 “
179 941 272 1012 mine
298 942 434 1012 tantum
461 945 494 1011 a
520 942 657 1012 auslore
680 966 780 1035 opus,
809 959 860 1028 ut,
890 937 1017 1033 sponte
1034 941 1122 1013 Cae-

131 1066 158 1100 “
176 1056 268 1148 satis,
296 1084 405 1156 genus
421 1056 554 1130 Arsacis
576 1059 687 1156 ripam
704 1058 795 1154 apud
818 1057 1006 1153 Euphratis
1035 1085 1118 1132 cer-

133 1184 161 1219 “
180 1180 350 1250 necetur.’'

179 1299 334 1369 XXXII.
359 1299 547 1370 Currruu
565 1296 782 1369 id.Tiberio:
801 1317 897 1371 omat
913 1299 1112 1389 Phraaten,

130 1415 351 1513 accingitque
370 1437 548 1511 paternum
574 1416 619 1487 ad
641 1414 837 1513 fastigium:
864 1415 1036 1489 destinata
1053 1443 1110 1491 re·

130 1534 256 1622 tinens,
290 1533 487 1606 consiliis&
510 1535 581 1606 astu
604 1560 657 1607 res
673 1559 827 1610 externas
844 1534 974 1624 moliri,
1005 1561 1111 1611 arma

132 1655 255 1749 procul
279 1655 416 1725 habere.
475 1655 618 1741 Interea,
650 1654 798 1751 cognitis
824 1653 964 1743 insidiis,
992 1658 1107 1729 Arta·

132 1775 241 1845 banus
253 1771 378 1844 tardari
390 1791 508 1857 metu;
531 1772 639 1845 modo
657 1773 818 1870 cupidine
833 1773 995 1845 vindjttae
1011 1772 1107 1847 inar-

131 1891 277 1965 descere.
338 1894 384 1963 Et
413 1891 562 1965 barbaris
590 1891 774 1980 cundatio,
805 1890 953 1965 servilis:
988 1892 1109 1968 statim

131 2010 286 2109 exsequi,
311 2011 447 2109 regium
468 2011 613 2085 videtur.
674 2011 790 2082 Valuit
816 2031 931 2083 tamen
958 2011 1105 2102 utilitas,

131 2152 171 2203 ut
198 2132 358 2219 Abdum,
387 2128 497 2226 specie
521 2129 680 2203 amicitiae
708 2148 870 2202 vocatum
894 2131 939 2202 ad
966 2133 1105 2227 epulas,

129 2253 224 2323 lento
252 2274 386 2322 veneno
415 2248 599 2346 inligaret3
632 2249 800 2322 Sinnacen
832 2247 1104 2322 dillimulatione

130 2394 171 2441 ac
183 2368 297 2458 donis,
313 2369 412 2440 simul
429 2391 489 2462 per
504 2367 659 2464 negotia,
678 2387 880 2440 moraretur.
931 2369 977 2439 Et
992 2370 1104 2442 Phra·

129 2510 201 2564 ates
222 2487 315 2583 apud
347 2483 494 2580 Syriam,
521 2486 622 2573 dum,
647 2486 771 2558 omiffo
798 2487 892 2559 cultu
918 2489 1101 2578 Roman0,

128 2605 185 2679 cui
210 2629 269 2700 per
292 2623 344 2674 tot
366 2628 474 2676 annos
489 2600 692 2692 insueverat,
718 2604 868 2677 instituta
890 2607 1104 2682 Parthorum

127 2723 280 2812 insumit,
311 2721 424 2819 patriis
453 2722 605 2796 moribus
632 2723 756 2820 impar,
787 2725 913 2796 morbo
937 2721 1102 2821 absump-

129 2867 183 2917 tus
202 2845 260 2917 est.
310 2843 375 2914 Sed
402 2868 471 2912 non
489 2841 649 2914 Tiberius
671 2842 781 2917 omisit
809 2842 956 2938 incepta.
1004 2843 1102 2915 Tiri-

128 2967 233 3037 daten
256 2960 423 3058 sanguinis
445 2958 610 3056 ejusdem,
635 2962 800 3034 aemulum
821 2963 1011 3050 Artabano,
1042 2989 1096 3034 re-

128 3084 390 3180 ciperandaeque
408 3081 584 3152 Armenia
601 3083 740 3152 Iberum
759 3080 986 3154 Mithridaten
1012 3084 1098 3156 deli-

128 3206 193 3301 git,
225 3200 453 3295 conciliatque
481 3197 575 3270 fratri
608 3199 841 3288 Pharasmani,
876 3200 936 3296 qui
965 3203 1101 3296 gentile

128 3321 314 3418 imperium
339 3317 536 3390 obtinebat:
566 3323 598 3389 ὃ(
628 3318 774 3407 cunclis,
805 3345 881 3416 quae
909 3321 1001 3415 apud
1018 3322 1100 3394 Ori-

127 3465 241 3516 entem
276 3439 491 3534 parabantur,
528 3438 572 3509 L.
601 3436 780 3512 Vitellium
815 3437 978 3532 prafecit.
1042 3443 1099 3513 Eo

126 3565 172 3634 de
200 3557 338 3630 homine
367 3555 457 3626 haud
489 3552 561 3625 sum
585 3553 723 3650 ignarus
749 3554 908 3627 sinisiram
938 3557 973 3628 in
1000 3560 1100 3639 Urbe

128 3681 270 3762 sarnam,
304 3675 466 3769 pleraque
499 3670 593 3743 foeda
625 3674 829 3744 memorari:
857 3677 1009 3747 ceterum
1044 3704 1098 3750 re-

128 3795 248 3896 gendis
266 3790 449 3888 provinciis
466 3789 573 3885 prisea
590 3790 717 3862 virtute
734 3791 828 3888 egit:
857 3795 950 3866 unde
968 3796 1098 3891 regres-

128 3917 194 4006 sus,
220 3917 251 3986 ἃ
270 3909 453 3987 formidine
469 3911 509 3983 C.
527 3906 678 3999 Caesaris,
704 3908 926 3992 familiaritate
942 3914 1096 4009 Claudii,
