2986 5138
473 587 784 659 nsnrrrun
817 587 939 660 Lrs.
972 589 1017 663 ΙΙ.
1159 614 1224 688 ¹15

256 772 372 853 atrox,
396 778 437 827 ac
459 756 632 828 dissentire
654 754 869 830 manifestus:
899 784 970 831 vox
990 784 1132 856 quoque
1152 759 1224 857 ejus

255 875 373 948 audita
388 875 436 947 est
452 875 487 946 in
504 875 679 965 convivi0,
705 876 788 947 cum
810 877 905 972 apud
926 902 1045 974 regem
1061 881 1224 952 Nabatae·

255 1019 355 1067 orum
383 1006 522 1066 corona
553 1019 664 1065 aureae
695 1019 826 1091 magno
858 994 1011 1090 pondere
1038 994 1159 1069 Caesari
1188 1003 1223 1071 δι

255 1113 478 1211 Agrippinae,
524 1112 616 1183 leves
654 1110 767 1184 Pisoni
801 1116 833 1185 ὃ(
868 1112 984 1184 ceteris
1024 1115 1224 1188 offerrentur

257 1232 470 1328 “Principis
500 1230 668 1318 Romani,
702 1256 773 1302 non
803 1232 918 1302 Parthi
952 1230 1140 1327 regis'silio
1167 1258 1223 1306 eas

257 1351 421 1445 “epulas
453 1347 526 1420 dari
541 1349 577 1419 :'’
620 1346 811 1445 abjecitque
845 1351 941 1422 fimul
974 1376 1152 1441 coronam,
1188 1356 1223 1424 bt

256 1469 368 1540 multa
390 1469 425 1539 in
442 1468 566 1539 luxum
582 1466 731 1554 addidit,
755 1492 832 1563 quae
848 1468 1073 1559 Germanico,
1099 1495 1222 1566 quam·

258 1610 364 1684 quam
381 1589 519 1674 acerba,
537 1587 769 1658 tolerabantur
785 1605 913 1658 tamen.

304 1706 435 1776 LVIII.
459 1707 581 1777 Iurnn
608 1729 685 1800 quae
709 1707 753 1776 ab
781 1729 862 1801 rege
886 1706 1094 1779 Parthorum
1120 1712 1222 1782 Arta·

258 1825 348 1896 bano
374 1822 478 1920 legati
501 1823 648 1895 vendre:
677 1820 812 1895 miserat
839 1823 1070 1896 “amicitiam
1092 1851 1131 1897 ac
1155 1825 1221 1897 soe·

256 1949 283 1985 “
301 1944 390 2014 dus’'
413 1961 674 2030 memoraturos,
701 1945 735 2013 &
760 1949 931 2038 “cupere
954 1942 1110 2015 renovari
1136 1946 1223 2018 dex-

256 2069 283 2104 “
300 2081 383 2151 tras,
410 2063 642 2157 daturumque
665 2059 789 2131 honori
812 2059 1025 2150 Germanici,
1052 2080 1091 2131 ut
1111 2061 1224 2156 ripam

258 2178 492 2276 “Euphratis
520 2181 719 2251 accederet:
752 2198 868 2274 petere
895 2175 1048 2266 interim,
1077 2204 1121 2250 ne
1150 2184 1222 2253 Vo-

257 2305 285 2341 “
303 2321 410 2370 nones
426 2297 463 2368 in
479 2297 574 2392 Syris
589 2299 786 2384 haberetur,
805 2320 872 2367 neu
890 2320 1048 2391 proceres
1065 2299 1223 2395 gentium

256 2423 286 2460 “
305 2413 652 2513 propinquisnuntiis
669 2415 714 2486 ad
730 2412 912 2487 discordias
928 2417 1112 2488 traheret.”
1161 2417 1223 2489 Ad

255 2559 295 2607 ea
310 2534 550 2621 Germanicus,
572 2534 617 2604 de
635 2532 793 2606 societate
816 2537 1059 2606 Romanorum
1077 2535 1223 2607 Partho·

256 2678 417 2750 mmque,
446 2652 655 2750 magnifici:
694 2653 740 2723 de
763 2652 916 2724 adventu
944 2650 1035 2749 regis
1063 2657 1096 2724 δι
1124 2654 1223 2726 cultu

254 2770 320 2861 sul,
345 2797 425 2844 cum
443 2772 569 2843 decore
585 2795 624 2843 ac
642 2769 809 2842 modestia
825 2767 1006 2866 respondit.
1056 2773 1223 2845 Vonones

253 2887 548 2986 Pompeiopolim,
566 2888 695 2961 Ciliciae
713 2887 917 2960 maritimam
934 2887 1224 2976 urbem,amotus

255 3009 326 3082 est:
353 3010 474 3080 datum
496 3006 626 3079 idnon
649 3005 757 3078 modi>
780 3006 940 3102 precibus
963 3008 1141 3098 Artabani,
1164 3008 1224 3082 sed

255 3126 475 3199 contumeliae
503 3123 647 3213 Pisonis,
673 3124 729 3197 cui
755 3124 958 3222 gratissimus
981 3146 1051 3197 erat
1073 3126 1120 3198 ob
1145 3129 1222 3223 plu·

255 3245 341 3317 rima
364 3244 479 3317 officia
504 3249 538 3317 δι
566 3245 672 3333 dona,
698 3243 824 3340 quibus
849 3244 1050 3317 Plancinam
1075 3246 1222 3318 devinx·

254 3385 340 3438 erat.

280 3484 380 3556 LIX.
402 3486 459 3556 Μ.
475 3486 641 3573 stanno,
659 3485 705 3554 L.
722 3480 893 3554 Norbano
910 3477 1117 3567 consulibus,
1135 3481 1223 3551 Ger-

255 3601 412 3675 manicus
428 3603 628 3699 AEgyptum
646 3598 882 3697 proficiscitur,
900 3596 1146 3695 cognoscenda
1163 3622 1223 3668 an·

255 3719 438 3817 tiquitatis:
457 3717 514 3793 sed
528 3747 609 3793 cura
620 3719 808 3816 provinciae
821 3719 1110 3815 praetendebatur:
1130 3716 1222 3788 leva-

256 3840 392 3936 vitque,
413 3838 536 3936 apertis
554 3838 698 3927 horreis,
726 3837 834 3934 pretia
851 3836 1015 3934 frugum:
1043 3835 1224 3932 multaque

255 3954 292 4027 in
320 3959 449 4055 vulgus
478 3974 574 4054 grata
599 3955 789 4053 usurpavit,
824 3959 891 4030 stne
916 3954 1025 4030 milite
1052 3953 1222 4044 incedere,

715 4072 731 4144 I
759 4097 779 4142 a
