2940 5146
244 518 315 590 290
459 488 1063 591 GCornnrrTacrrr

292 668 376 740 XX.
404 669 479 739 Str
507 667 601 738 idem
627 687 764 762 tempus
787 665 831 738 C.
857 661 995 753 cesar,
1034 660 1231 737 discedenti

241 789 394 882 Capreas
413 811 480 856 avo
495 811 624 873 comes,
657 785 853 874 Claudiam,
887 786 950 857 M.
966 783 1086 856 Silani
1104 783 1230 872 filiam,

244 905 410 1002 conjugio
425 905 576 1000 accepit,
596 906 784 977 immanem
799 904 959 976 animum
973 901 1137 976 subdoli
1151 926 1228 974 mo·

245 1025 350 1096 derha
365 1045 498 1122 tegens,
521 1049 591 1095 non
608 1023 828 1096 damnatione
843 1022 978 1112 matrix,
1009 1049 1090 1096 non
1105 1021 1228 1094 exfilio

245 1144 390 1217 fratrum
423 1148 523 1240 mpta
550 1170 661 1229 voce3
699 1145 839 1241 qualem
867 1144 904 1215 in
931 1143 1034 1216 diem
1059 1140 1227 1216 Tiberim

244 1264 418 1351 induisset,
445 1264 516 1359 pari
543 1264 678 1351 habitu,
707 1264 800 1335 haud
824 1263 978 1336 multirm
1004 1262 1224 1336 distantibus

245 1385 371 1457 verbio
420 1384 528 1455 Unde
548 1409 634 1455 mox
661 1382 785 1456 scimm
811 1381 954 1456 Paffieni
972 1380 1127 1455 oratoris
1143 1379 1219 1454 dic·

245 1524 322 1574 tum
341 1503 550 1598 percrebuit,
581 1504 749 1600 “Neque
766 1503 944 1575 meliorem
958 1526 1138 1599 umquam
1155 1500 1221 1573 ser·

246 1630 275 1664 “
295 1647 392 1709 tum,
410 1647 523 1718 neque
537 1623 743 1695 deteriorem
757 1623 941 1695 dominum
954 1621 1098 1694 fuiffe.”
1130 1622 1219 1693 Non

244 1739 418 1813 omiserim
435 1740 638 1840 prasagium
654 1741 801 1830 Tiberii,
825 1742 871 1813 de
891 1742 963 1813 Ser.
979 1741 1113 1829 Galba,
1138 1760 1218 1814 tum

245 1859 410 1935 consule:
440 1887 547 1958 quern
570 1862 731 1949 accitum,
766 1865 800 1933 δι
827 1859 967 1931 diversis
996 1856 1220 1931 sermonibus

245 2002 491 2078 pertentatum,
510 1979 682 2078 postremi>
698 1981 827 2053 Gratis
847 1979 960 2051 verbis
976 1977 1014 2049 in
1031 1979 1126 2052 hanc
1142 1977 1217 2052 sen·

243 2102 387 2174 tentiam
415 2103 621 2186 adlocutus5
647 2108 675 2142 “
690 2103 738 2172 Et
764 2121 816 2187 tu,
846 2099 973 2186 Galba,
999 2099 1220 2197 quandoque

245 2221 489 2319 “degustabis
514 2221 751 2317 imperium:”
775 2217 883 2291 seram
910 2243 950 2290 ac
977 2218 1129 2290 brevem
1154 2242 1218 2314 po·

243 2339 386 2410 tentiam
419 2340 626 2434 significans,
663 2337 802 2412 scientiri
836 2337 1086 2410 Chaldaeorum
1121 2336 1220 2427 artis,

243 2457 342 2554 cujus
358 2455 562 2552 apiscendae,
575 2459 686 2530 otium
703 2459 796 2555 apud
808 2457 993 2545 Rhodum,
1006 2456 1221 2554 magistrum

243 2574 478 2670 Thrasyllum,
505 2577 638 2666 habuit,
664 2578 825 2673 peritiam
848 2573 920 2673 ejus
939 2577 1008 2650 hoc
1024 2580 1142 2651 modo
1157 2603 1223 2652 ex·

244 2717 371 2792 pertus.

294 2817 394 2887 XXI.
419 2818 628 2910 Q'orrrss
655 2815 754 2912 super
787 2818 845 2888 tali
872 2814 1014 2912 negotio
1042 2815 1225 2890 consulta-

244 2958 309 3023 ret,
328 2936 418 3006 editi
435 2937 560 3006 domus
579 2958 688 3031 parte,
706 2962 745 3007 ac
764 2934 874 3008 liberti
892 2934 991 3005 unius
1008 2934 1228 3011 conscientia

244 3057 426 3126 utebatur:
458 3054 485 3126 is
518 3056 692 3126 literarum
724 3055 874 3151 ignarus,
904 3078 1050 3159 corppre
1080 3057 1226 3149 valido,

245 3202 307 3272 per
333 3175 409 3247 avia
431 3202 470 3247 ac
487 3177 634 3270 derupta
665 3178 765 3266 (nam
782 3172 868 3244 saxis
885 3172 1010 3243 domus
1028 3172 1228 3271 imminet)

243 3295 386 3391 praeibar
399 3321 492 3382 eum,
523 3293 620 3391 cuius
636 3315 745 3365 artem
763 3292 909 3389 experiri
927 3290 1093 3363 Tiberius
1111 3294 1227 3368 statu-

243 3414 340 3497 iffet3
366 3422 398 3485 ὃς
432 3415 696 3510 regredientem,
731 3416 753 3484 sr
778 3410 938 3482 vanitatis
968 3429 1026 3480 aut
1048 3409 1227 3490 fraudum

243 3532 386 3627 suspicio
403 3533 588 3620 incesserat,
616 3533 649 3603 in
683 3531 873 3628 subjedlum
902 3554 994 3601 mare
1018 3532 1226 3629 praecipita.

245 3654 317 3739 bat,
348 3677 391 3721 ne
407 3651 511 3722 index
530 3651 645 3723 arcani
662 3651 830 3722 existeret.
880 3649 990 3746 Igitur
1010 3649 1227 3746 Thrasyllus

245 3768 363 3840 iisdem
383 3770 525 3865 rupibus
544 3772 716 3857 inductus,
729 3769 909 3866 postquam
928 3769 1226 3862 pereundantem

245 3911 495 3980 commoverat,
532 3889 718 3986 imperium
750 3887 825 3985 ipfi,
860 3890 892 3960 ὃ(
922 3882 1036 3960 sutura
1071 3885 1225 3964 solerter
