2986 5138
466 578 779 647 Auunnrrrnr
805 573 919 643 Lrn.
944 572 1007 643 IV.
1140 594 1226 668 '223

255 747 411 831 censuit;
437 749 531 819 tanta
560 743 782 820 contentione
809 744 930 834 animi,
955 747 1053 818 ut&
1080 743 1231 841 jurando

175 875 177 882 ’
254 867 501 964 obstringeret,
564 873 592 908 “
621 891 640 938 e
669 864 847 961 republica
886 864 925 936 id
958 865 1060 937 esse.'’
1124 863 1233 960 Qrod

261 984 377 1082 aspere
408 1005 593 1082 acceptum
636 986 682 1056 ad
718 982 879 1081 prasens,
906 1008 991 1056 mox
1030 981 1066 1055 in
1094 983 1232 1055 laudern

254 1104 373 1194 vertit,
399 1105 548 1202 regresso
570 1101 701 1176 Suilio:
731 1128 837 1199 quem
867 1101 956 1173 vidit
980 1098 1124 1198 sequens
1152 1120 1232 1173 aetas

260 1242 526 1321 praepotentem,
553 1224 727 1310 venalem,
754 1225 786 1294 δι
809 1219 946 1293 Claudii
963 1218 1131 1316 Principis
1147 1218 1234 1292 ami-

258 1343 340 1418 citia
370 1344 432 1417 diu
462 1342 636 1440 prospere,
667 1366 863 1437 numquam
893 1342 981 1413 bene
1004 1337 1114 1412 usum.
1165 1340 1233 1411 Ea·

257 1465 342 1536 dem
362 1488 469 1559 poena
496 1462 533 1535 in
561 1463 687 1535 Catum
705 1461 876 1533 Firmium
903 1459 1092 1533 senatorem
1116 1457 1233 1531 statui·

260 1603 329 1670 tur,
356 1601 539 1678 tamquam
575 1581 662 1653 falsis
694 1578 875 1677 majestatis
907 1579 1108 1653 criminibus
1141 1576 1234 1651 soro·

260 1728 335 1776 rem
354 1700 534 1798 petivisset.
583 1701 704 1788 Catus,
730 1720 770 1771 ut
784 1699 897 1788 retuli,
922 1698 1099 1771 Libonem
1122 1698 1234 1772 inlex·

258 1840 331 1893 erat
347 1818 491 1907 insrdiis,
517 1819 643 1891 deinde
666 1817 794 1891 indicio
812 1818 1028 1914 perculerat:
1056 1815 1128 1914 ejus
1148 1843 1234 1914 ope-

258 1965 305 2011 rae
325 1963 460 2010 memor
476 1937 652 2027 Tiberius,
671 1936 730 2009 sed
746 1938 811 2009 alia
828 1938 1058 2033 praetendens,
1077 1937 1234 2013 exsilium

257 2059 461 2154 deprecatus
491 2057 561 2129 est:
590 2056 776 2158 quominus
797 2055 912 2129 senatu
939 2057 1137 2152 pelleretur,
1164 2082 1234 2135 non

258 2175 405 2248 obstitit.

305 2295 461 2366 XXXII.
485 2297 706 2380 Pronaque
720 2320 842 2369 eorum
856 2321 934 2393 quae
948 2294 1063 2385 retuli,
1084 2320 1234 2393 quaeque
1318 2332 1324 2344 ·

258 2413 419 2503 referam,
447 2438 555 2510 parva
570 2411 722 2504 forsitan,
742 2419 774 2487 δι
793 2415 882 2488 levia
898 2434 1091 2489 memoratu
1108 2415 1234 2505 videri,

263 2559 336 2607 non
360 2533 492 2606 nescius
508 2533 601 2606 sum:
628 2532 688 2606 sed
704 2559 809 2609 nemo
834 2534 988 2606 Annales
1004 2533 1136 2607 nostros
1153 2560 1236 2610 cum

258 2650 424 2747 scriptura
447 2678 569 2724 eorum
594 2652 824 2743 contenderit,
864 2652 925 2749 qui
949 2671 1078 2726 veteres
1113 2654 1235 2751 populi

260 2769 417 2844 Romani
442 2795 494 2841 res
515 2768 752 2866 composudre.
803 2770 959 2869 Ingentia
975 2771 1024 2843 illi
1042 2775 1146 2863 bella,
1173 2798 1235 2847 exa

262 2889 490 2987 pugnationes
511 2888 665 2978 urbium,
691 2888 781 2962 fusos
809 2890 994 2986 captosque
1017 2915 1138 2988 reges3
1164 2913 1235 2984 aut,

261 3013 285 3081 fi
317 3009 459 3106 quando
501 3008 545 3078 ad
584 3005 720 3080 interna
756 3028 1015 3106 praeverterent,
1052 3009 1237 3089 discordias

261 3126 444 3201 consulum
465 3126 650 3198 adverslrm
678 3127 849 3217 tribunos,
874 3127 1022 3225 agrarias
1046 3127 1235 3204 fmmenta-

262 3244 394 3344 riasque
415 3247 522 3343 leges,
550 3245 712 3342 plebis&
730 3246 954 3344 optimatium
969 3248 1167 3338 certamina,
1194 3249 1236 3322 li·

263 3368 346 3439 bero
362 3366 498 3462 egressu
519 3367 770 3438 memorabant.
820 3366 935 3441 Nobis
952 3365 987 3438 in
1004 3367 1113 3457 ardu,
1132 3372 1165 3441 δι
1183 3368 1236 3441 in·

263 3483 394 3582 glorius
418 3485 524 3556 labor.
574 3485 726 3558 lmmota
749 3483 893 3581 quippe,
931 3504 991 3556 aut
1016 3485 1154 3558 modice
1186 3490 1236 3562 la.

261 3601 374 3677 cellita
393 3628 477 3699 pax,
503 3603 627 3676 maestae
651 3602 762 3676 Urbis
784 3627 850 3693 res,
876 3607 912 3675 &
938 3602 1102 3700 Princeps
1123 3604 1236 3701 profe·

262 3723 360 3796 rendi
383 3722 519 3819 imperii
548 3721 735 3796 incuriosus
764 3741 847 3795 erat.
906 3724 991 3795 Non
1018 3743 1133 3796 tamen
1166 3730 1235 3800 fine

262 3841 324 3914 usu
357 3841 472 3931 fiterit,
500 3840 719 3939 introspicere
751 3841 811 3915 illa
834 3841 946 3939 primo
965 3841 1103 3938 aspedlu
1132 3845 1233 3935 levia,

264 3984 309 4032 ex
336 3963 416 4061 quls
433 3987 640 4061 magnarum
658 3958 746 4059 saepe
770 3986 884 4036 reuun
905 3982 1019 4036 motus
1044 3962 1210 4042 oriuntur.
