2986 5138
252 593 298 685 98
454 579 1051 664 C0C0RNEL11T301T1
1102 540 1108 555 ⁴

253 758 429 831 Hortensii
456 757 542 830 inter
573 777 723 832 oratores
750 758 848 828 sitam
871 751 1079 850 imaginem,
1114 746 1224 821 modo

254 877 402 974 Augusti
430 877 578 967 intuens,
613 877 658 948 ad
673 878 767 947 hunc
781 874 929 947 modum
945 872 1077 969 coepit:
1110 876 1137 911 “
1155 871 1222 942 Pa·

253 1002 281 1035 “
300 1015 364 1068 tres
386 994 581 1093 conscripti,
608 999 671 1069 hos
689 1020 836 1092 quorum
853 1018 1038 1066 numerum
1056 996 1089 1063 δι
1108 989 1223 1086 pueri-

254 1119 280 1154 “
298 1113 382 1186 tiam
408 1115 545 1204 ridetis,
575 1141 645 1187 non
661 1114 781 1211 sponte
797 1113 925 1202 sustuli,
953 1110 1011 1184 sed
1024 1110 1107 1209 quia
1122 1110 1224 1183 Prin-

253 1239 379 1330 “ceps
397 1236 582 1307 monebat:
608 1236 708 1307 srmnl
737 1230 881 1329 majores
914 1231 983 1305 mei
1012 1250 1221 1318 meruerant,

254 1357 281 1392 “
299 1373 337 1424 ut
362 1353 514 1457 posteros
537 1356 724 1427 haberent:
753 1379 835 1426 nam
865 1378 946 1450 ego,
971 1353 1031 1449 qui
1065 1377 1138 1423 non
1161 1375 1222 1446 pe-

254 1478 282 1511 “
301 1471 454 1562 cuniam,
473 1499 544 1545 non
566 1473 676 1546 studia
689 1472 824 1570 populi,
846 1498 960 1570 neque
971 1470 1222 1569 eloquentiam,

252 1591 428 1688 “gentile
456 1595 582 1665 domtls
610 1594 729 1667 nostrae
757 1597 906 1681 bonum,
936 1590 1100 1664 varietate
1133 1612 1223 1663 tern-

253 1717 280 1752 “
299 1736 425 1806 porum
442 1712 595 1809 accipere
619 1715 676 1787 vel
705 1738 824 1810 parare
843 1712 1040 1810 potuissem,
1064 1709 1142 1781 satis
1160 1711 1223 1780 ha-

253 1837 280 1872 “
300 1831 441 1921 bebam,
462 1836 620 1905 srtenues
635 1859 688 1907 res
705 1860 791 1906 meae
809 1859 872 1906 nec
889 1829 974 1905 mihi
992 1825 1133 1924 pudori,
1155 1851 1222 1897 nec

253 1949 464 2046 “cuiquam
487 1952 583 2025 oneri
614 1952 750 2025 forent:
778 1950 888 2049 jussus
923 1950 968 2022 ab
998 1945 1221 2042 imperatore,

253 2074 281 2110 “
300 2096 446 2144 uxorem
462 2071 559 2144 duxi.
612 2075 668 2144 En
691 2072 789 2168 stirps
813 2077 846 2144 δι
873 2066 1054 2167 progenies
1070 2085 1122 2138 tot
1138 2090 1223 2137 eon·

253 2195 281 2232 ‘⁴
299 2187 424 2278 sulum,
451 2210 504 2261 tot
531 2189 762 2263 didatonrm:
792 2216 856 2263 nec
883 2190 927 2262 ad
953 2185 1124 2259 invidiam
1149 2183 1223 2273 ista,

253 2315 281 2349 “
299 2306 356 2380 sed
378 2308 603 2380 conciliandae
620 2309 858 2383 misericordia·
875 2306 1007 2381 resero:
1032 2303 1225 2401 adsequen-

254 2432 281 2467 “
299 2446 368 2514 tur,
395 2430 539 2499 florente
556 2449 603 2515 te,
630 2426 754 2516 Caesar,
784 2453 872 2525 quos
897 2423 1033 2498 dederis
1055 2427 1205 2496 honores
1212 2451 1224 2508 ;

254 2543 433 2617 “interim
455 2550 512 2642 Q
526 2546 704 2619 Hortensii
727 2564 947 2642 pronepotes,
976 2542 1050 2615 divi
1074 2541 1226 2639 Augusti

254 2669 282 2703 “
300 2663 473 2751 alumnos,
494 2667 539 2736 ab
555 2663 670 2760 inopia
685 2663 869 2737 defende.’'

302 2785 773 2857 XXXVlll.Incn1nnrro
799 2781 932 2856 senariis
960 2784 1226 2856 incitamenttmt

252 2900 398 2973 Tiberio
429 2901 508 2991 suit,
544 2903 616 3000 qni)
650 2902 845 2999 promptiirs
884 2900 1132 2990 adversaretur,
1170 2900 1226 2971 his

253 3017 360 3091 ferme
384 3022 496 3094 verbis
519 3020 619 3094 usus:
652 3023 726 3096 “Si
749 3042 920 3120 quantum
944 3046 1137 3117 pauperum
1162 3018 1227 3109 est,

254 3145 281 3180 “
301 3139 419 3212 venire
431 3141 515 3230 huc,
535 3142 694 3215 &liberis
715 3140 780 3213 suis
799 3160 914 3236 petere
931 3139 1093 3234 pecunias
1107 3163 1226 3232 coepe-

254 3257 365 3331 “rint
384 3289 394 3346 ;
419 3261 542 3357 singuli
571 3286 765 3356 numquam
787 3257 1058 3348 exsatiabuntur,
1083 3253 1227 3350 respub-

253 3378 364 3452 “lica
388 3380 535 3453 deliciet.
585 3382 663 3451 Nec
697 3377 774 3450 sane
798 3376 877 3448 ideo
894 3403 913 3447 a
931 3372 1121 3470 majoribus
1140 3400 1226 3446 con-

253 3504 280 3540 “
298 3501 425 3571 celsum
443 3499 491 3571 est
504 3499 621 3596 egredi
635 3498 822 3593 aliquando
835 3493 1051 3579 relationem,
1073 3497 1106 3564 &
1127 3493 1228 3585 quod

253 3616 334 3688 “in
356 3643 543 3690 commune
559 3618 728 3689 conducat
756 3617 835 3686 loco
861 3609 1035 3685 sententiae
1053 3607 1222 3704 proferre,

254 3739 281 3774 “
299 3755 339 3806 nt
368 3736 498 3830 privata
524 3735 679 3832 negotia,
714 3760 764 3806 res
792 3731 972 3803 familiares
999 3725 1128 3799 nostras
1163 3726 1225 3797 hlc

255 3859 281 3892 “
300 3879 501 3949 augeamus,
530 3880 612 3926 cum
642 3852 773 3925 invidit
795 3851 928 3923 senatus
951 3852 983 3919 δι
1006 3840 1224 3939 principum,

256 3975 281 4020 ‘·‘
300 3972 368 4043 slve
402 3970 603 4045 indulserint
641 3970 875 4068 largitionem,
920 3969 986 4039 srve
1024 3960 1225 4037 abnuerint.
