2986 5138
319 560 388 627 242
510 533 553 606 C.
586 533 1113 607 ConuarrrTnctrr

313 731 429 784 tamen
454 710 646 784 offensionis
663 733 722 784 aut
739 713 851 784 metus
869 709 1067 783 manifestus
1090 706 1191 797 foret,
1222 712 1299 783 fine

315 828 489 927 respons0,
514 856 728 928 quamquam
743 831 938 919 instantem,
966 829 1117 926 reliquit.
1164 829 1206 900 Id
1224 854 1302 926 ego

315 946 581 1046 ascriptoribus
605 952 780 1024 annalium
811 976 881 1022 non
906 949 1086 1040 traditum,
1119 947 1229 1044 reperi
1257 949 1301 1022 in

314 1069 572 1143 commentariis
607 1069 824 1167 Agrippinas,
867 1068 967 1140 filiae:
1010 1094 1089 1166 quae
1125 1067 1301 1158 Neronis,

315 1189 498 1286 Principis,
537 1209 661 1279 mater,
698 1189 808 1262 vitam
837 1187 932 1260 suam
960 1191 994 1260 δι
1029 1185 1124 1260 casus
1150 1186 1300 1263 suorum

314 1309 456 1405 posteris
474 1309 691 1405 memoravit.

360 1428 458 1501 LIV.
485 1428 681 1499 Caranum
705 1426 844 1524 Sejanus
870 1447 1070 1500 maerentem
1098 1429 1132 1498 δι
1157 1424 1299 1522 impro-

312 1547 431 1622 vidam
453 1546 554 1618 altius
578 1547 741 1642 perculit:
777 1546 942 1634 immissis,
971 1547 1032 1643 qui
1056 1571 1116 1642 per
1142 1543 1301 1642 speciem

311 1665 472 1739 amicitiae
495 1686 689 1755 monerent,
728 1675 933 1761 “paratum
960 1665 991 1737 ei
1018 1690 1209 1754 venenum,
1239 1664 1299 1737 vi-

317 1793 347 1829 “
365 1787 485 1857 tandas
518 1785 623 1858 soceri
657 1788 814 1882 epulas.''
886 1791 1009 1882 Atque
1040 1786 1110 1875 iila,
1155 1787 1302 1857 stmula·

311 1905 448 1978 tionum
483 1905 606 1996 nescia,
644 1908 726 1978 cum
756 1926 897 2003 propter
929 1904 1173 1993 discumberet,
1216 1930 1295 1978 non

313 2027 414 2098 vultu
440 2046 499 2098 aut
522 2024 679 2099 sermone
706 2026 810 2114 flesti,
845 2027 958 2099 nullos
977 2025 1143 2123 attingere
1170 2022 1294 2110 cibos;

312 2145 426 2217 donee
443 2146 591 2219 advertit
607 2146 783 2234 Tiberius,
802 2143 905 2235 sorte,
928 2171 973 2216 an
991 2143 1072 2241 quia
1088 2142 1293 2217 audiverat?

312 2263 421 2360 idque
446 2265 517 2360 qud
534 2265 643 2338 aerius
666 2265 890 2360 experiretur,
914 2289 1019 2362 poma
1041 2283 1081 2335 ut
1106 2283 1204 2336 erant
1224 2265 1293 2336 ad-

313 2387 419 2480 pofita
448 2385 603 2471 laudans,
630 2384 732 2455 nurui
754 2381 810 2456 sud
838 2410 944 2457 manu
970 2382 1124 2455 tradidit.
1173 2384 1296 2456 Anda

312 2527 423 2575 exeo
451 2499 592 2597 suspicio
618 2502 840 2600 Agrippinae,
872 2507 905 2575 δι
933 2502 1059 2575 inradia
1085 2525 1159 2592 ore,
1186 2499 1296 2597 servia

312 2621 476 2694 tramisit:
504 2647 568 2693 nee
598 2643 714 2693 tamen
745 2621 878 2694 Tiberii
910 2648 982 2695 vox
1012 2647 1129 2695 coram
1156 2617 1289 2713 secuta,

312 2738 370 2812 sed
401 2739 564 2812 obversus
598 2743 643 2812 ad
674 2761 833 2832 matrem,
878 2749 992 2814 “non
1024 2741 1189 2829 mitum,”
1221 2741 1286 2832 ait,

312 2864 380 2931 “fi
410 2859 494 2955 quid
520 2858 665 2932 severius
682 2860 717 2932 in
744 2887 821 2933 eam
844 2862 1018 2950 statuisset,
1045 2889 1065 2932 a
1086 2864 1153 2957 qud
1176 2886 1286 2933 vene-

313 2988 340 3023 “
360 2980 426 3051 ficii
446 2980 727 3051 insimularetur.’'
776 2982 861 3052 Inde
879 3006 1008 3067 rumor,
1041 2988 1067 3021 ‘⁶
1087 2980 1193 3076 parari
1212 2981 1289 3052 exi-

313 3107 341 3142 “
360 3100 466 3171 tium:
493 3125 605 3195 neque
624 3099 659 3169 id
677 3101 924 3194 imperatorem
944 3101 1057 3196 palam
1074 3100 1212 3187 audere,
1236 3099 1288 3172 se-

314 3226 342 3261 “
360 3239 494 3312 cretum
520 3220 563 3289 ad
590 3220 858 3313 perpetrandum
884 3219 1028 3314 quaeri.''

359 3342 439 3411 LV.
465 3340 539 3408 San
559 3339 715 3427 Casan,
733 3336 804 3433 qud
827 3337 954 3410 samam
972 3359 1154 3428 averteret,
1173 3341 1287 3412 adesse

312 3459 470 3553 frequens
503 3456 644 3545 senatui,
693 3455 888 3554 legatosque
922 3462 1024 3549 Asiae,
1071 3459 1290 3556 ambigentes

312 3588 340 3621 “
360 3604 507 3675 quanam
527 3577 560 3647 in
574 3576 709 3648 civitate
728 3579 897 3673 tempium
919 3578 1152 3666 statueretur,”
1171 3579 1287 3673 plures

312 3726 371 3798 per
395 3700 467 3770 dies
484 3697 626 3769 audivit.
676 3697 854 3769 Undeeim
875 3701 972 3769 urbes
997 3702 1182 3786 certabant,
1210 3701 1284 3794 pari

309 3818 510 3904 ambitione,
537 3816 666 3887 viribus
691 3816 850 3890 diversae:
879 3843 991 3914 neque
1016 3819 1166 3890 multum
1192 3817 1286 3893 inter

308 3937 342 4008 se
358 3936 515 4010 distantia
543 3937 797 4028 memorabant,
826 3938 921 4011 “de
950 3939 1114 4012 vetustate
1133 3938 1284 4037 generis,
