2986 5138
298 537 384 616 xxvi

295 728 407 782 morte
459 707 670 806 interrupta,
711 710 819 783 finem
867 707 1029 806 imposuit
1070 706 1271 784 Franciscut

295 830 441 916 muns,
467 827 575 917 vitiis,
600 829 707 925 quim
724 828 911 903 virtutibus
926 827 1076 901 similior.

344 948 389 1020 Iu
417 946 469 1019 his
485 947 705 1020 tentamentis
726 946 943 1044 aliquamdiu
958 945 1174 1020 substiterant
1185 949 1272 1021 Gal·

296 1065 372 1141 licae
390 1066 508 1156 literae,
534 1067 616 1139 cum
631 1091 749 1163 recens
765 1091 829 1139 nos
853 1065 964 1163 rapuit
980 1064 1175 1139 studiomm
1202 1065 1269 1140 im-

294 1206 405 1284 petus.
454 1186 551 1258 Tum
567 1183 663 1259 suam
679 1188 869 1259 verfionem
894 1184 1073 1259 adornavit
1091 1184 1146 1261 cl.
1163 1188 1272 1259 Gun-

295 1326 398 1378 ttru:
443 1304 547 1378 aliam
591 1305 836 1394 meditabatur,
871 1303 1018 1402 jamque
1057 1329 1118 1401 per
1161 1324 1273 1401 partes

293 1426 396 1498 edere
423 1443 577 1521 coeperat
598 1425 654 1497 cl.
676 1449 725 1497 nn
744 1449 796 1499 tn
813 1428 1037 1511 Berraum
1068 1449 1177 1522 quum
1199 1448 1274 1496 non

295 1543 422 1632 sinivit,
447 1565 560 1616 morte
576 1543 799 1641 interceptus.
840 1547 932 1642 Qrae
954 1545 1110 1631 deerant,
1129 1540 1275 1638 perfecit

296 1665 353 1737 Cl.
370 1665 643 1737 Dorrnvmna.
685 1663 940 1760 interpretandi
952 1664 1046 1761 leges
1058 1659 1273 1760 praesctipfit,

265 1868 267 1873 ‚
298 1787 333 1856 ἃ
362 1784 407 1857 ad
432 1807 553 1856 earum
577 1783 725 1858 sormam
749 1783 870 1857 selecta
896 1786 929 1855 δι
958 1779 1138 1878 splendida
1157 1780 1276 1856 Taciti

296 1904 375 1976 loca
398 1905 555 2001 expressit
581 1903 637 1975 Cl.
668 1906 942 1976 n'Atnmnanr.
993 1903 1127 1973 Eorum
1154 1925 1275 1974 exem·

297 2021 365 2118 plis
382 2020 544 2119 famaque
562 2023 677 2119 plures
694 2020 832 2094 excitati
851 2045 959 2093 novas
976 2039 1144 2117 apparant
1159 2019 1276 2093 Taciti

296 2137 604 2237 interpretationes.
653 2139 779 2236 Vigeat
809 2139 1002 2236 crescatque
1030 2138 1189 2236 egregius
1217 2139 1278 2213 ille

295 2260 411 2348 ardor,
439 2284 510 2355 quo
535 2257 689 2331 summus
716 2257 919 2355 scriptorum
949 2257 1086 2355 imperii
1121 2256 1278 2333 Romani

298 2403 372 2452 non
389 2377 497 2451 modo
526 2378 620 2473 apud
648 2403 711 2451 nos
735 2377 847 2475 magis
868 2403 908 2451 ac
929 2377 1042 2475 magis
1065 2375 1276 2465 inclarescet,

299 2496 358 2571 sed
376 2499 398 2569 sr
416 2495 475 2570 sua
495 2522 578 2569 eum
601 2496 637 2568 vi
653 2523 693 2571 ac
717 2496 885 2570 brevitate
901 2496 1146 2594 exprimimus,
1176 2520 1278 2592 mag-

299 2641 386 2689 num
414 2617 555 2689 accedet
582 2615 763 2690 literaturae
801 2616 924 2690 nostrae
954 2615 1125 2689 decus&
1154 2613 1278 2689 incita·

299 2754 472 2807 mentum.

347 2856 393 2928 lu
415 2856 482 2927 hoc
509 2873 625 2928 autem
642 2853 930 2951 interpretationis
947 2879 1074 2953 genere
1099 2878 1170 2926 non
1187 2852 1278 2928 stetit

297 2971 412 3045 Taciti
429 2973 635 3047 admiratio:
662 2975 810 3047 alterum
825 2973 1054 3071 excogitavit,
1080 2973 1152 3070 quo
1169 2973 1276 3047 licen-

299 3089 368 3165 tius
394 3090 648 3188 exspatiaretur.
697 3093 894 3167 illustriores
919 3092 1046 3167 scilicet
1061 3092 1177 3168 Taciti
1202 3092 1278 3167 sen·

298 3210 415 3284 tentiae
444 3211 686 3310 praecipuaque
712 3215 830 3304 verba,
853 3232 1037 3311 tamquam
1066 3212 1226 3310 primatia
1243 3216 1278 3286 δι

301 3335 441 3428 propria
468 3330 640 3427 sapientiae
660 3332 829 3430 principia
855 3332 931 3406 sunt
949 3351 1123 3430 excerpta,
1153 3330 1279 3429 ampli·

300 3451 416 3539 ficata,
443 3469 519 3524 tum
537 3471 709 3544 veterum,
739 3471 817 3540 turn
844 3451 1035 3525 recentium
1051 3470 1194 3524 aetatum
1217 3475 1280 3524 ex·

301 3569 425 3666 emplis
447 3573 686 3667 comprobata.
736 3574 818 3645 Hac
849 3570 885 3644 in
901 3570 1092 3645 studiorum
1110 3570 1278 3668 palaestri,

300 3686 492 3787 speciosiori
511 3688 612 3778 forte,
642 3691 750 3786 quim
767 3690 910 3779 utiliori,
943 3688 1046 3763 multi
1064 3689 1151 3763 inter
1173 3689 1280 3762 Italos

302 3807 521 3896 desudamnt,
539 3835 690 3905 quorum
707 3808 901 3881 nobilissimi
917 3808 993 3882 sunt
1010 3808 1126 3905 Scipio
1140 3813 1278 3881 Amnu-

305 3944 424 4014 auro,
459 3924 626 4002 Ascanius
656 3930 944 4020 Ptccononttut,
982 3924 1152 4028 Trajanus
1184 3929 1279 4001 Boc·
