2986 5138
485 597 792 664 Annaliun
825 593 1014 667 Lanll.
1181 599 1226 692 89

256 771 285 808 “
304 787 403 851 num,
423 767 455 834 &
475 762 644 836 inauditas
661 764 832 850 volucres,
847 763 999 836 monstra
1015 763 1132 854 maris,
1150 791 1225 837 am-

258 890 287 925 “
306 882 429 978 biguas
451 882 634 954 hominurn
660 887 693 954 δι
719 882 911 954 belluarum
937 881 1064 955 formas
1079 885 1115 956 :”
1144 883 1225 976 vila,

257 1005 326 1074 five
343 1026 387 1073 ex
406 1020 502 1072 metu
519 1000 660 1072 credita.

306 1122 424 1194 XXV.
449 1121 523 1191 Sur>
545 1143 658 1191 nnus
684 1120 789 1191 classis
810 1119 951 1209 amiffae,
974 1139 1013 1192 ut
1034 1123 1228 1195 Germanos

257 1240 302 1311 ad
318 1237 414 1336 spem
431 1238 527 1327 belli,
550 1238 596 1309 ita
612 1236 780 1310 Caesarem
798 1241 842 1310 ad
860 1240 1094 1311 coercendum
1110 1241 1229 1314 erexit.

259 1359 302 1430 C.
314 1358 397 1431 Silio
414 1383 496 1430 curn
513 1357 654 1453 triginta
668 1357 838 1452 peditum,
852 1358 961 1432 tribus
977 1359 1134 1455 equitum
1152 1361 1229 1432 mil·

259 1477 350 1549 libus
372 1478 419 1550 ire
442 1478 476 1549 in
493 1477 612 1547 Cattos
629 1476 800 1570 imperat:
832 1475 901 1572 ipse
919 1475 1105 1572 majoribus
1122 1479 1231 1574 copiis

259 1594 394 1668 Marsos
416 1594 600 1689 inrumpit:
633 1620 782 1689 quorum
807 1595 881 1665 dux
903 1597 1140 1669 Malavendus
1164 1625 1230 1670 nu-

257 1741 321 1810 per
349 1714 384 1785 in
416 1713 632 1785 deditionem
665 1733 838 1808 acceptus,
874 1714 1118 1810 “propinquo
1150 1719 1231 1788 luco

260 1840 287 1879 “
305 1832 472 1905 defossam
485 1831 640 1904 Varianae
658 1832 802 1928 legionis
819 1832 972 1928 aquilam
989 1833 1129 1905 modico
1142 1861 1229 1931 prae-

260 1959 286 1994 “
306 1952 389 2023 sidio
406 1950 554 2023 servati’'
580 1951 720 2022 indicat.
770 1951 876 2022 Missa
896 1953 1074 2046 externplo
1095 1978 1229 2042 manus,

260 2096 336 2168 quae
359 2071 491 2142 hostem
514 2096 535 2141 a
556 2069 669 2141 fronte
691 2068 841 2157 eliceret,
865 2069 937 2157 alii,
965 2069 1024 2164 qui
1047 2090 1143 2168 terga
1163 2072 1229 2145 cir-

259 2192 440 2286 cumgreffi
463 2189 677 2260 recluderent
695 2190 867 2260 humum:
896 2192 929 2259 Sc
951 2187 1101 2285 utrisque
1123 2190 1232 2264 adfuit

259 2308 406 2380 fortuna.
476 2308 530 2379 Εὸ
561 2307 755 2404 promptior
782 2306 891 2379 caesar
917 2308 1030 2405 pergit
1056 2307 1228 2400 introrsus,

259 2429 458 2525 populatur,
482 2426 650 2499 exscindit
667 2453 738 2498 non
754 2425 875 2499 ausum
893 2426 1057 2524 congredi
1076 2428 1227 2501 hostem:

257 2566 318 2617 aut
340 2545 445 2618 sicubi
467 2546 645 2635 restiterat,
668 2545 781 2618 statim
802 2544 952 2641 pulsum,
974 2573 1037 2618 nec
1059 2573 1230 2644 umquam

258 2664 384 2761 magis,
415 2686 454 2735 ut
483 2690 528 2737 ex
555 2665 697 2761 captivis
726 2665 909 2762 cognitum
938 2665 1001 2755 est,
1033 2687 1228 2760 paventem.

257 2783 401 2879 Qippe
442 2790 468 2824 “
497 2783 643 2855 invictos
674 2789 707 2854 δε
737 2783 839 2855 nullis
868 2786 998 2856 casibus
1026 2783 1230 2881 superabiles

258 2906 286 2941 “
306 2865 513 2972 Rombaoss'
542 2902 790 2997 praedicabant,
821 2903 926 2997 “qui
954 2903 1087 2998 perdita
1115 2905 1228 2993 classe,

259 3023 287 3058 “
305 3017 429 3090 amissis
446 3019 564 3107 armis,
592 3020 667 3116 post
685 3022 856 3093 constrata
874 3047 1044 3119 equorum
1060 3023 1230 3096 virorum-

260 3143 288 3186 ‘-‘
307 3163 375 3233 que
399 3138 604 3233 corporibus
622 3139 735 3228 litora,
753 3143 874 3213 elidem
892 3141 1029 3230 virtute,
1055 3141 1125 3238 pari
1142 3141 1229 3215 fero·
1334 3136 1338 3141 ¹

259 3262 287 3300 “
306 3256 371 3343 cia,
392 3260 425 3325 δε
444 3256 550 3328 veluti
568 3257 657 3328 ausli
674 3285 821 3332 numero
839 3261 1077 3357 inrupissent.’'

305 3376 440 3448 XXVI.
463 3379 679 3448 Raoucsus
698 3378 779 3450 inde
797 3378 830 3450 in
847 3380 990 3451 hiberna
1006 3379 1117 3464 miles,
1132 3380 1230 3448 laetus

257 3494 377 3582 animi,
407 3494 505 3589 qudd
527 3494 666 3567 adversa
688 3496 803 3584 maris,
831 3496 1049 3592 expeditione
1072 3495 1230 3591 prospers

257 3611 482 3708 pensavill'et:
514 3613 647 3686 addidit
671 3615 945 3688 munificentiam
967 3611 1092 3701 caesar,
1118 3639 1228 3709 quan-

259 3749 332 3803 tum
350 3732 427 3828 quis
444 3732 564 3803 damni
583 3732 747 3827 professus
770 3757 855 3822 etat,
879 3733 1099 3806 exsolvendo.
1149 3735 1227 3805 Nec

255 3849 403 3922 dubium
421 3851 626 3938 habebatur,
649 3853 764 3925 labare
780 3853 904 3941 hostes,
924 3852 1150 3948 petendaeque
1167 3879 1226 3948 pa-

256 3965 304 4049 cis
321 3966 459 4041 consilia
471 3965 616 4058 sumere,
631 3973 664 4041 a
679 3973 702 4041 s1
719 3970 883 4068 proxima
898 3972 993 4046 aestas
1009 3968 1225 4072 adjiceretur,
