2986 5138
1040 554 1156 633 xxxix

179 720 319 817 Grypb.
335 736 642 811 commemoratur,
667 718 777 818 prima
792 721 852 796 illa
870 745 901 794 a.
923 741 1026 820 1543.
1050 722 1152 798 intel·

178 838 247 938 ligi
264 839 379 913 debet.

229 957 312 1032 Fuit
339 981 426 1056 ergo
454 954 523 1031 illis
550 957 784 1056 temporibus,
812 962 848 1033 h.
870 984 901 1034 e.
934 958 1016 1036 inde
1049 964 1151 1040 aba.

185 1100 288 1175 1533.
316 1079 459 1175 vulgata
479 1074 597 1150 Taciti
626 1074 731 1152 ledio
756 1078 911 1175 exempli
939 1082 1153 1158 aRhenano

180 1197 327 1296 proditi,
354 1195 415 1270 nifi
432 1193 522 1270 forte
541 1195 721 1269 Florentino
735 1222 768 1269 a.
791 1220 893 1295 1552.
909 1201 1031 1284 allonis,
1046 1224 1155 1297 quam

179 1334 432 1392 commemorat
447 1313 644 1406 Fabricius,
673 1316 797 1413 prioris
824 1315 991 1414 exempli,
1013 1318 1081 1393 hoc
1102 1319 1153 1396 est

180 1435 387 1526 Beroaldini,
405 1454 466 1508 aut
481 1434 625 1529 Juntini
642 1434 778 1533 prioris,
803 1437 839 1508 h.
856 1459 887 1509 e.
915 1460 946 1509 a.
968 1459 1071 1533 1527.
1098 1462 1153 1512 re·

176 1554 290 1629 tineus
305 1553 389 1641 fuit3
406 1555 451 1627 de
467 1579 540 1652 quo
556 1553 642 1628 nihil
661 1555 889 1652 pronunciare
904 1555 942 1630 in
957 1556 1153 1634 alterutram

177 1693 313 1772 partem
341 1673 435 1764 licet,
459 1698 544 1748 cum
565 1673 652 1747 mihi
679 1699 858 1772 nunquam
882 1673 1064 1773 contigerit
1080 1674 1152 1774 ejus

176 1791 338 1868 editionis
355 1794 561 1889 exemplum
578 1791 708 1867 videre.

221 1917 257 1986 A
284 1910 402 1985 modio
427 1929 545 1985 autern
570 1912 695 2004 XVIto
712 1909 825 1987 seculo
847 1912 920 1986 duo
936 1907 1151 1991 emditiffimi

173 2029 238 2107 viri
270 2030 313 2104 ad
338 2029 502 2104 Tacitum
535 2029 783 2128 corrigendum
813 2029 995 2130 ingenium
1021 2034 1151 2108 doetri-

173 2175 326 2248 namquc
342 2149 531 2239 contulere,
555 2148 613 2221 Μ.
630 2149 783 2223 Antonius
799 2149 959 2236 Muretus,
981 2155 1016 2226 δι
1037 2153 1150 2248 Justus

174 2269 310 2368 ls'pstus.
358 2269 622 2343 Schutetum
649 2268 814 2365 praevenit
838 2268 991 2368 Lipsius,
1014 2290 1054 2344 ut
1079 2271 1150 2370 ipse

168 2390 334 2464 Muretus
370 2387 512 2462 testatur
539 2387 619 2461 Var.
648 2388 749 2462 lie&-
777 2389 846 2477 xl,
886 2413 918 2461 1.
954 2389 1148 2468 admodum

169 2505 289 2583 favens
314 2507 455 2607 ingenio
488 2510 523 2581 dt
551 2507 717 2581 doiitinae
748 2506 872 2605 Liplii.
925 2508 1147 2606 Deprehendi-

167 2653 248 2714 nus,
284 2626 411 2726 inquit,
446 2630 495 2698 ita
516 2627 607 2724 saepe
639 2627 801 2721 incurriffe
832 2641 995 2724 utrumque
1016 2630 1145 2721 nostrum

168 2750 205 2820 r'n
223 2748 330 2820 eadem
353 2747 495 2843 vqlr'gia,
524 2759 572 2832 ut,
602 2748 659 2842 qui
687 2770 751 2818 rem
783 2770 841 2817 nort
867 2746 968 2841 noffet,
997 2749 1149 2846 pleraque

156 2866 293 2960 sarrfiffe
321 2867 454 2940 atteram
484 2867 525 2937 ab
550 2867 649 2938 altero
666 2866 893 2963 suspicaretur.
943 2865 1052 2966 Quare
1067 2868 1147 2964 sus-

163 2987 313 3082 pictorem
334 3008 357 3055 a
378 3009 437 3072 nte,
461 2986 497 3078 fi
521 2985 603 3056 nibil
625 2985 726 3072 aliud,
752 2999 921 3083 tempomrn
947 2988 1028 3057 ratio
1041 2987 1148 3081 facile

162 3106 433 3200 abolitumque
457 3105 566 3178 cadere
587 3107 622 3177 in
637 3102 776 3200 Lr'ffium
795 3106 877 3197 stnr't
891 3102 974 3197 fidet
993 3106 1087 3202 ipstus
1105 3105 1147 3179 Θ

159 3224 311 3321 probitas,
334 3247 396 3321 qna
426 3224 481 3296 ille
504 3247 562 3295 nott
587 3225 698 3308 minus,
727 3248 818 3322 quant
845 3228 978 3321 ingenio,
1008 3225 1143 3299 excellit.

162 3363 228 3419 etc.
267 3345 467 3441 Sequuntur
482 3341 610 3417 deinde
628 3361 778 3441 quatuor
793 3342 964 3440 capitibus
982 3342 1145 3439 quaedam

163 3463 296 3538 Mureti
313 3459 532 3561 oenjetturae,
557 3487 578 3535 a
593 3460 763 3559 Lipsranis
787 3459 936 3536 diversa.
985 3460 1053 3533 Sed
1069 3458 1145 3533 edi-

162 3581 217 3656 dit
245 3582 349 3658 etiam
375 3585 504 3657 Romae
535 3607 548 3656 r
557 3584 639 3680 580.
686 3580 837 3657 Librum
864 3579 1018 3678 primum
1046 3581 1144 3654 Anu.

160 3725 246 3780 cum
260 3701 351 3779 notis
365 3700 446 3796 suis,
469 3700 652 3802 aliquoties
668 3699 704 3775 iu
719 3699 906 3776 Germania
920 3699 1104 3774 rocula.-

599 3818 735 3899 Emesti
758 3845 840 3921 pag.
865 3840 1020 3919 29-35.
