2986 5138
258 555 331 628 254
474 528 1056 601 C.ConnsnttTnc1r1

256 732 326 805 que
343 705 404 802 ipsi
422 705 572 777 dedecus
589 704 780 775 narravere.
829 703 915 775 Non
931 702 1014 775 aliis
1029 703 1145 801 magis
1172 727 1242 777 an·

254 826 362 899 xia&
382 849 510 921 pavens
526 823 660 911 civitas,
686 847 791 919 egens
817 823 1000 895 adversum
1018 822 1212 919 proximos
1223 852 1238 910 ς

253 945 466 1042 congressus,
494 941 693 1039 conloquia,
724 961 814 1014 notae
831 941 1032 1039 ignotaeque
1047 967 1148 1014 aures
1175 942 1235 1016 vi·

252 1064 342 1137 tari:
378 1062 481 1135 etiam
509 1080 605 1134 muta
630 1081 734 1157 atque
751 1059 919 1152 inanima,
949 1063 1080 1133 tectum
1103 1066 1139 1135 a
1165 1087 1233 1160 pa-

253 1183 353 1257 rietes
378 1178 760 1277 circumspettabantur.

299 1303 419 1373 Lxx.
456 1301 530 1371 Seu
560 1297 672 1370 Caesar
697 1297 874 1372 sollemnia
899 1298 1095 1395 incipientis
1126 1300 1232 1392 anni,

252 1420 418 1494 Kalendis
450 1418 632 1513 Januariis,
669 1418 812 1515 epistolii
843 1437 1025 1514 precatus3
1057 1419 1161 1492 vertit
1189 1420 1233 1493 in

252 1538 436 1626 Sabinum,
480 1543 707 1632 “corruptos
742 1535 910 1634 quosdam
928 1537 1149 1627 libertorum,
1189 1543 1232 1612 δι

254 1664 282 1701 “
302 1658 451 1753 petitum
469 1655 525 1728 se''
541 1680 702 1753 arguens,
714 1656 955 1753 ultionemque
972 1658 1064 1730 haud
1081 1656 1233 1730 obscure

253 1774 434 1874 poscebat:
466 1800 529 1847 nec
554 1800 668 1864 mora,
691 1775 775 1873 quin
802 1777 1066 1849 decerneretur:
1092 1777 1127 1846 δι
1154 1796 1231 1850 tra·

253 1896 401 1968 hebatur
428 1894 624 1984 damnatus,
655 1896 839 1992 quantum,
877 1895 1027 1968 obducta
1053 1894 1163 1985 veste,
1189 1902 1232 1973 ὅτ

252 2013 418 2087 adstrictis
435 2010 604 2102 faucibus,
633 2013 696 2085 niti
722 2033 866 2110 poterat,
899 2013 1092 2103 clamitans,
1124 2016 1232 2091 “Sic

257 2139 285 2176 “
302 2132 456 2207 inchoari
472 2158 617 2221 annum,
649 2135 709 2206 has
722 2131 844 2231 Sejano
869 2132 1025 2205 vidimus
1048 2133 1172 2207 cadere
1188 2138 1234 2208 :”

254 2252 327 2350 qud
343 2252 538 2325 intendiffet
554 2254 688 2341 oculos,
719 2252 791 2350 quo
817 2253 922 2327 verba
937 2250 1145 2343 acciderent,
1169 2250 1234 2328 fu-

253 2399 311 2470 ga,
337 2372 496 2445 vastitas:
522 2371 626 2444 deseri
651 2372 784 2460 itinera,
809 2373 907 2444 fora:
938 2370 1140 2467 &quidam
1168 2398 1230 2446 re-

254 2492 510 2589 grediebantur,
532 2492 817 2588 ostentabantque
834 2488 866 2563 se
881 2487 1027 2578 rursum,
1051 2489 1090 2562 id
1110 2489 1233 2587 ipsum

255 2630 430 2706 paventes,
449 2609 544 2708 quod
560 2608 757 2682 timuissent.
809 2616 837 2652 “
854 2612 971 2706 Qtem
999 2607 1094 2681 enirn
1125 2609 1231 2687 diem

255 2738 283 2773 “
302 2756 453 2802 vacnum
471 2732 588 2824 poeni,
603 2729 662 2801 ubi
680 2729 768 2801 inter
784 2728 875 2801 sacra
889 2733 921 2799 &
940 2748 1034 2817 vota,
1046 2754 1117 2825 quo
1131 2749 1228 2804 tem·

255 2856 281 2891 “
301 2875 385 2944 pote
402 2847 513 2921 verbis
530 2848 631 2921 etiam
660 2846 807 2944 profanis
832 2847 989 2920 abstineri
1018 2873 1093 2920 mos
1124 2853 1228 2942 effet,

254 2974 282 3011 “
302 2969 418 3040 vincla
435 2971 468 3039 ἃ
486 2969 627 3063 laqueus
644 2968 876 3040 inducantur?
912 2970 996 3040 Non
1020 2966 1229 3064 impruden·

254 3095 281 3130 “
301 3109 372 3159 tem
397 3086 579 3159 Tiberium
597 3106 726 3159 tantam
745 3087 910 3159 invidiam
933 3087 1073 3159 adiiffe:
1101 3094 1227 3184 quaefi-

254 3214 376 3278 “tum
410 3207 697 3302 meditatumque,
723 3233 765 3277 ne
794 3207 879 3302 quid
908 3208 1074 3305 impedite
1100 3209 1226 3282 creda-

253 3335 280 3369 “
300 3347 368 3416 tur,
388 3326 572 3421 quominus
590 3325 672 3396 novi
705 3325 934 3422 magistratus,
961 3330 1141 3424 quomodo
1158 3331 1225 3402 de-

252 3454 281 3488 “
300 3448 446 3517 lubra&
466 3444 596 3532 altaria,
627 3448 669 3516 stc
699 3471 868 3518 carcerem
895 3448 1110 3519 recludant.’'
1159 3450 1224 3521 Se-

253 3585 342 3637 cutae
369 3562 505 3659 insuper
538 3564 657 3654 litetae,
685 3587 795 3662 grates
821 3566 968 3662 agentis,
997 3574 1024 3608 “
1041 3566 1136 3662 quod
1158 3568 1229 3640 ho-

253 3683 430 3754 “minem
461 3681 629 3754 infensum
652 3682 849 3779 reipublicae
868 3684 1075 3778 puniviffent
1092 3686 1128 3755 :’'
1157 3687 1224 3758 ad-

246 3798 355 3896 jecto,
379 3807 406 3842 “
417 3801 586 3896 trepidam
605 3801 664 3873 fibi
681 3802 803 3890 vitam,
817 3802 980 3899 suspeetas
998 3802 1224 3878 inimicorum

254 3928 281 3963 ‘⁴
301 3920 477 4013 insidias,'’
503 3922 600 3995 nullo
623 3921 832 3998 nominatim
848 3924 1084 4020 compellato:
1106 3945 1227 4017 neque
