2986 5138
439 554 886 628 Auunnruantn.
923 556 985 627 lV.
1160 579 1230 654 219

262 726 368 825 guine
418 732 617 827 explebant.
682 730 851 804 Differtur
902 755 963 828 per
1015 724 1244 825 manipulos.

264 846 568 921 “Tacfarinatem
591 875 727 939 omnes,
753 871 879 922 notum
901 870 953 921 tot
976 847 1120 945 proeliis,
1146 875 1230 922 con·

263 973 293 1009 “
312 967 504 1041 sectentur:
538 995 622 1059 non,
658 970 718 1041 nisi
747 969 836 1042 duce
857 967 1048 1056 intersesl0,
1074 969 1231 1066 requiem

264 1094 292 1130 “
312 1087 393 1160 belli
409 1086 521 1160 fore.”
573 1093 622 1160 At
647 1089 717 1177 ille,
744 1087 883 1186 dejeslis
904 1087 1037 1161 circbm
1063 1087 1232 1184 stipatori-

263 1209 342 1297 bus,
356 1207 542 1304 vincloque
552 1205 628 1303 jam
647 1207 733 1296 filio,
749 1208 903 1280 &effusis
920 1206 1077 1304 undique
1090 1210 1224 1282 Roma-

261 1326 328 1415 nis,
364 1328 497 1399 ruendo
528 1328 564 1399 in
603 1329 684 1416 tela,
730 1326 967 1423 captivitatem
995 1328 1088 1400 haud
1122 1326 1233 1401 inulta

261 1465 376 1517 morte,
407 1446 539 1544 effugit.
589 1446 689 1543 Isque
710 1446 788 1518 finis
805 1446 907 1518 armis
923 1447 1110 1542 impositus.
1285 1539 1288 1548 ,

309 1567 445 1637 XXVI.
495 1568 753 1638 Domuum
792 1565 920 1662 petenti
953 1565 1074 1638 abnuit
1109 1567 1231 1639 trium-

262 1683 379 1780 phalia
394 1683 572 1775 Tiberius,
598 1683 719 1780 sejano
743 1686 910 1775 tribuens,
935 1711 981 1758 ne
1002 1689 1096 1758 Blaesr
1120 1711 1232 1760 avun-

262 1803 332 1875 culi
356 1803 427 1901 ejus
455 1806 529 1877 laus
555 1803 788 1877 obsolesceret.
838 1807 904 1878 Sed
928 1831 1041 1903 neque
1062 1806 1185 1880 Blaesus
1203 1806 1232 1879 i·

262 1924 330 1994 deo
348 1920 533 2013 inlustrior,
560 1930 594 1997 &
612 1924 693 1996 huic
719 1945 864 2022 negatus
886 1927 997 1996 honor
1017 1925 1163 2022 gloriam
1179 1926 1232 1998 in-

264 2043 386 2114 tendit.
436 2042 581 2139 Qippe
598 2042 734 2116 minore
762 2042 933 2132 exercitu,
959 2042 1107 2141 infignes
1124 2045 1233 2142 capti-

258 2187 336 2251 vos,
363 2163 498 2235 caedem
512 2162 626 2252 ducis,
653 2163 805 2259 bellique
833 2161 982 2236 consccli
1014 2160 1144 2236 famam
1169 2166 1230 2237 de-

133 2343 136 2352 .
256 2300 416 2377 portarat.
466 2283 703 2379 Sequebantur
720 2285 1021 2354 &Garamantum
1039 2282 1157 2379 legati,
1176 2310 1230 2356 ra·

257 2398 298 2472 rb
315 2400 350 2472 in
368 2402 469 2473 Urbe
485 2400 560 2490 visi,
587 2424 689 2496 quos,
715 2399 933 2473 Tacfarinate
949 2398 1048 2489 caeso,
1077 2402 1232 2497 perculsa

259 2544 357 2614 gens,
384 2545 448 2591 nec
465 2521 577 2616 culpa:
595 2518 719 2610 nescia,
746 2522 790 2593 ad
807 2517 1082 2593 satisfaciendum
1100 2525 1233 2618 populo

260 2642 425 2711 Romano
443 2634 587 2711 miserat.
638 2639 796 2737 Cognitis
824 2639 950 2712 dehinc
976 2640 1154 2713 Ptolemaei
1172 2667 1234 2738 per

258 2755 295 2829 id
313 2759 444 2830 bellum
465 2757 597 2846 studiis,
623 2758 783 2855 repetitus
805 2783 849 2831 ex
875 2757 1009 2831 vetusto
1036 2785 1125 2850 mot,
1153 2760 1231 2835 mis·

259 2874 379 2973 susque
412 2901 431 2948 e
462 2875 685 2967 senatoribus,
724 2877 784 2974 qui
822 2877 1010 2974 scipionem
1045 2881 1232 2971 eburnum,

256 3015 376 3091 togam
403 2995 545 3092 pictam,
583 2995 726 3093 antiqua
752 3019 888 3093 patrum
920 3023 1077 3088 munera,
1119 3001 1230 3092 daret,

189 3107 192 3111 ’
260 3121 497 3211 “regemque
522 3118 556 3186 δε
583 3113 715 3188 socium
744 3137 850 3214 atque
874 3117 1052 3192 amicum”
1081 3122 1232 3216 appella-

257 3253 308 3305 ret

306 3355 459 3427 XXVII.
487 3356 635 3427 EADEM
669 3355 796 3445 aestate,
823 3375 919 3428 mota
932 3380 992 3453 per
1012 3356 1147 3428 Italiam
1164 3357 1230 3431 ser-

255 3472 332 3545 vilis
356 3474 438 3547 belli
468 3472 597 3546 semina
624 3473 694 3547 fors
720 3473 893 3572 oppreslit.
943 3477 1076 3549 nuuor
1096 3479 1228 3551 tumul-

258 3595 314 3665 tlts
339 3593 385 3663 T.
405 3592 580 3683 Curtilius,
607 3595 787 3690 quondam
814 3595 981 3693 praetoriae
997 3595 1148 3670 cohortis
1165 3598 1232 3670 mi-

256 3714 318 3802 les,
346 3711 462 3809 primo
479 3712 626 3787 coetibus
648 3713 878 3805 clandestinis,
904 3716 997 3812 apud
1014 3716 1231 3790 Brundisium
1329 3774 1331 3778 2

256 3836 290 3904 δι
307 3829 528 3929 ςίῐςυηῄεᾶα
555 3832 709 3929 oppida3
736 3859 821 3906 mox
847 3834 961 3936 positis
992 3837 1172 3931 propalam
1189 3835 1230 3908 li·

257 3951 371 4041 bellis,
406 3954 450 4025 ad
482 3953 674 4027 libertatem
712 3956 860 4029 vocabat
889 3954 1034 4055 agrestia
1059 3981 1120 4051 per
1153 3958 1228 4031 lon·
