2986 5138
423 581 723 649 Aunnttum
758 576 952 649 Ltn.VI.
1147 602 1220 676 297*

256 747 380 844 patris;
411 774 524 846 neque
540 749 576 820 id
593 766 736 836 temere,
755 746 811 823 sed
827 747 957 821 sublato
971 748 1116 842 myrrhae
1131 774 1217 843 pon-

255 869 350 956 dere,
370 888 571 964 tentatoque
588 893 647 963 per
664 870 810 965 longum
827 867 903 955 iter,
933 864 993 939 ubi
1025 891 1084 960 par
1107 867 1218 955 oneri,

255 1011 316 1081 par
333 985 458 1057 meatui
478 989 529 1074 fit,
563 986 674 1058 subite
692 987 840 1083 patrium
858 1010 995 1081 corpus,
1014 984 1118 1080 inque
1134 987 1221 1058 Solis

255 1129 349 1179 aram
377 1103 538 1200 perferre,
560 1125 664 1201 atque
693 1107 842 1178 adolere.
893 1107 985 1178 Haec
1025 1103 1153 1177 incerta
1185 1110 1219 1176 δι

255 1221 415 1295 fabulosis
454 1225 565 1295 auda.
627 1225 790 1297 Ceteritm
824 1223 925 1319 aspici
959 1221 1145 1320 aliquando
1185 1223 1221 1297 in

255 1343 416 1438 AEgypto
432 1367 509 1412 eam
527 1344 719 1432 volucrem,
746 1369 816 1415 non
834 1341 1031 1439 ambigitur.

304 1463 442 1534 ΧΧΙΧ.
469 1466 528 1534 Ar
548 1464 681 1533 Romae
698 1463 791 1534 caede
808 1459 982 1549 continua,
1008 1462 1222 1557 Pomponius

256 1583 395 1669 Labeo,
415 1607 521 1677 quem
539 1578 708 1676 praefuifl'e
725 1585 860 1655 Moesrae
877 1580 991 1670 retuli,
1013 1605 1071 1676 pet
1092 1583 1220 1679 abrup-

255 1719 305 1777 tas
322 1725 424 1772 venas
441 1697 640 1796 sanguinem
657 1699 801 1785 effudit3
831 1700 1058 1795 amulataque
1075 1699 1122 1777 est
1140 1726 1223 1774 con-

250 1817 342 1915 junx
370 1821 517 1890 Paxaea:
546 1845 626 1890 narn
666 1839 840 1914 promptas
878 1816 1044 1914 ejusmodi
1080 1840 1222 1911 mortes,

257 1956 369 2010 metus
385 1937 551 2010 carnificis
566 1937 735 2009 faciebat:
766 1941 799 2008 &
818 1936 898 2033 quia
913 1937 1081 2024 damnati,
1108 1939 1224 2034 publi·

260 2056 343 2130 catis
360 2058 476 2146 bonis,
506 2056 674 2153 sepultura
698 2056 973 2152 prohibebantur
985 2083 996 2140 3
1026 2081 1146 2128 eorum
1164 2058 1224 2154 qui

257 2176 302 2248 de
326 2173 359 2248 se
383 2176 587 2265 statuebant,
615 2178 844 2251 humabantur
860 2200 1016 2270 corpora,
1041 2178 1226 2248 manebant

257 2296 469 2385 testamenta,
489 2296 638 2392 pretium
654 2294 848 2372 festinandi.
896 2294 964 2367 Sed
977 2292 1098 2382 Caesar,
1125 2295 1226 2368 miffis

256 2415 301 2493 ad
324 2415 479 2495 senatum
506 2414 622 2504 literis,
646 2413 813 2504 differuit,
839 2420 1013 2487 “morem
1037 2409 1132 2485 fuiffe
1151 2440 1225 2487 ma-

260 2543 287 2578 “
299 2533 445 2632 juribus,
483 2533 645 2630 quotiens
681 2533 880 2606 dirimerent
908 2529 1088 2621 amicitias,
1124 2533 1227 2606 inter·

260 2654 419 2725 “dicere
441 2653 563 2740 domo,
604 2678 754 2749 eumque
789 2655 897 2724 finem
923 2651 1042 2747 gratiae
1072 2678 1225 2749 ponere:

261 2777 288 2812 “
305 2771 341 2844 id
357 2768 390 2842 se
406 2768 597 2865 repetiviffe
620 2768 656 2842 in
680 2772 871 2842 Labeone:
897 2790 1001 2865 atque
1015 2769 1128 2862 illum,
1147 2773 1228 2869 quia

261 2895 290 2932 “
307 2889 398 2963 male
420 2886 661 2959 administratae
690 2887 891 2983 provinciae,
919 2887 1134 2986 aliorumque
1161 2891 1227 2963 cri·

260 3008 444 3085 “minum
470 3007 672 3104 urgebatur,
714 3006 853 3101 culpam
882 3005 1013 3080 invidia
1048 3008 1221 3099 velavisse,

262 3126 426 3201 “frustra
449 3123 632 3205 conterrita
652 3149 774 3213 uxore,
800 3149 922 3220 quam,
953 3129 1010 3198 etfi
1029 3146 1225 3217 nocentem,

261 3246 448 3343 “periculi
481 3266 597 3318 tamen
626 3264 801 3341 expertem
830 3242 962 3317 fuiffe.’'
1026 3247 1228 3318 Mamercus

203 3360 206 3369 ’
259 3367 342 3439 dein
358 3368 501 3438 Scaurus
518 3363 648 3443 rursum
667 3362 867 3459 postulatur,
885 3363 1024 3461 insignis
1049 3363 1229 3438 nobilitate

149 3487 154 3493 ’
264 3483 453 3564 &orandis
470 3486 588 3572 cauus,
607 3483 675 3555 vita
694 3481 898 3578 probrosus:
924 3481 1011 3554 nihil
1029 3484 1122 3555 hunc
1141 3485 1227 3557 ami-

262 3603 343 3678 citia
363 3600 487 3700 Sejani,
504 3600 561 3674 sed
586 3599 744 3674 labefecit
760 3601 853 3673 haud
877 3599 991 3673 minias
1010 3600 1166 3675 validum
1183 3606 1228 3676 ad

261 3721 365 3795 exitia
392 3717 571 3794 Macronis
601 3719 736 3808 odium,
764 3719 823 3816 qui
845 3718 980 3792 easdem
1002 3740 1089 3794 artes
1111 3725 1228 3795 occul-

261 3840 329 3913 tius
348 3841 551 3914 exercebat:
578 3838 815 3934 detuleratque
836 3859 1078 3936 argumentum
1098 3859 1227 3938 tragoe·

262 3957 343 4049 dia,
377 3963 547 4035 aScauro
571 3955 712 4059 scriptae,
746 3955 871 4033 additis
905 3960 1070 4049 verfibus,
1099 3959 1160 4065 qui
1191 3960 1229 4039 in
