2986 5138
414 544 949 618 AnnnmonLtan.
1098 566 1168 643 207

193 719 243 792 li:
272 717 330 791 sed
356 742 427 789 non
454 717 627 792 omiserim
656 720 860 792 eorumdem
884 739 1084 816 temporum
1109 745 1167 793 ru·

194 863 347 926 morem,
386 838 544 910 validum
585 838 687 928 adeo,
718 857 757 910 ut
787 839 947 911 nondum
993 837 1171 912 exolescat.

194 965 223 1000 “
242 958 411 1052 Corntpta
427 958 472 1028 ad
489 955 594 1030 scelus
611 958 728 1048 Livia,
747 956 908 1055 Sejanum
934 956 1056 1053 Lygdi
1080 982 1180 1054 quo-⁸

194 1083 222 1121 “
241 1101 310 1173 que
327 1074 486 1172 spadonis
503 1074 661 1149 animum
679 1077 799 1172 stupro
815 1074 988 1147 vinxisse:
1020 1074 1117 1172 quod
1140 1076 1168 1148 is

196 1196 391 1292 “Lygdus
409 1215 509 1267 aetate
537 1216 641 1292 atque
669 1195 781 1268 forma
809 1219 905 1266 catus
934 1193 1095 1283 domino,
1118 1193 1169 1265 in·

195 1320 363 1410 “terque
392 1313 559 1411 primores
586 1314 760 1387 ministros
780 1330 884 1387 ‘er-at:
912 1311 1052 1400 deinde,
1080 1312 1170 1386 inter

196 1439 224 1477 “
243 1431 395 1506 conscios
411 1433 472 1506 ubi
491 1436 587 1507 locus
605 1433 765 1506 veneficii
788 1431 994 1528 tempusque
1021 1457 1170 1530 compo·

195 1560 223 1595 ‘⁶
243 1557 301 1626 fita
329 1558 405 1644 sint,
429 1553 472 1625 eo
500 1552 651 1626 audaciae
679 1555 900 1649 proveetum,
930 1571 969 1624 ut
998 1570 1168 1637 verteret;

196 1679 223 1715 “
243 1678 276 1746 &
294 1674 433 1745 occulto
448 1671 577 1745 indicio
595 1671 747 1746 Drusum
765 1671 890 1744 veneni
907 1670 942 1743 in
961 1692 1093 1768 patrem
1116 1698 1169 1745 ar-

196 1799 225 1833 “
244 1817 367 1888 guens,
388 1811 543 1864 moneret
557 1790 759 1881 Tiberium,
778 1792 957 1864 vitandam
976 1791 1171 1888 potionem,

195 1918 224 1954 ‘⁴
243 1937 321 2008 quae
339 1911 451 2007 prima
473 1910 518 2000 ei,
544 1912 639 2008 apud
656 1910 769 1983 filium
787 1910 953 2006 epulanti,
979 1912 1170 1986 offerretur.

157 2078 161 2086 ·
195 2039 222 2073 “
244 2032 296 2103 Ea
331 2029 453 2103 fraude
486 2051 564 2102 tum
590 2028 719 2119 senem,
759 2029 941 2126 postquam
967 2030 1171 2103 convivium

195 2157 222 2192 “
239 2150 376 2239 inierat,
415 2169 604 2247 exceptum
636 2151 804 2246 poculum
830 2147 943 2221 Druso
972 2147 1169 2238 tradidisse;

196 2276 224 2312 “
242 2289 347 2366 atque
363 2269 424 2341 illo
440 2269 576 2367 ignaro,
595 2273 630 2342 δι
651 2266 852 2364 juveniliter
869 2267 1059 2358 hauriente,
1089 2295 1172 2342 auc·

196 2395 224 2431 “
241 2409 313 2461 tam
340 2387 582 2486 suspicionem,
621 2407 801 2484 tamquam
829 2404 928 2459 metu
957 2391 991 2459 ὅτ
1019 2387 1170 2483 pudore,

196 2508 379 2580 “sibimet
410 2508 584 2604 inrogaret
612 2527 776 2597 mortem,
805 2531 913 2602 quarn
940 2505 1026 2603 patri
1058 2506 1171 2580 strux-

196 2635 224 2671 “
243 2629 350 2700 erat.”

244 2749 309 2820 xt.
336 2747 436 2818 HAEc
463 2743 574 2842 vulgo
584 2742 725 2841 jasium,
747 2743 847 2841 super
875 2745 926 2834 id,
954 2744 1051 2840 quod
1073 2745 1171 2817 nullo

194 2867 334 2937 auetore
352 2883 445 2935 certo
463 2867 659 2952 firmantur,
675 2865 836 2961 prompte
850 2862 1060 2936 refutaveris.
1083 2863 1172 2960 Quis

195 2983 291 3056 enim
308 2982 477 3055 mediocri
494 2983 690 3078 prudentia,
713 2983 844 3054 nedum
868 2982 1043 3071 Tiberius,
1068 2982 1171 3055 tantis

195 3105 298 3177 rebus
327 3103 512 3192 exercitus,
541 3101 700 3174 inaudito
730 3101 804 3173 filio
833 3101 981 3173 exitium
1020 3101 1170 3189 offerret,

195 3223 301 3320 idque
317 3221 376 3296 sua
391 3247 513 3312 manu,
526 3227 560 3294 ἃ
577 3221 674 3293 nullo
690 3221 736 3292 ad
751 3221 988 3317 paenitendum
1002 3222 1166 3316 regressu?

196 3342 294 3440 Qun
314 3341 432 3439 potius
448 3340 646 3415 ministrum
663 3339 787 3414 veneni
804 3339 1032 3428 excruciaret,
1052 3341 1169 3411 austo-

195 3488 270 3535 rem
299 3462 519 3558 exquireret3
555 3458 652 3532 insrta
675 3459 840 3557 denique,
868 3458 973 3530 etiam
997 3457 1032 3528 in
1055 3477 1170 3530 extra-

195 3608 293 3671 neos,
318 3580 538 3655 cunetatione
557 3583 590 3651 &
610 3581 720 3667 mora,
743 3577 930 3651 adversum
953 3575 1111 3667 unicum,
1136 3582 1170 3649 δε

195 3701 325 3774 nullius
349 3699 429 3773 ante
457 3698 579 3797 flagitii
608 3718 844 3794 compertum,
879 3715 1044 3770 uteretur.
1102 3696 1170 3768 Sed

196 3821 278 3915 quia
306 3818 446 3917 Sejanus
469 3818 662 3892 facinorum
676 3817 836 3890 omnium
852 3835 1004 3912 repertor
1018 3817 1171 3888 habeba·

196 3958 265 4033 tur,
288 3967 333 4015 ex
349 3939 456 4014 nimia
471 3936 609 4013 caritate
633 3937 669 4009 in
694 3962 774 4009 eum
795 3933 950 4026 Caesaris,
978 3937 1012 4008 ἃ
1036 3955 1169 4009 cetero·
