2986 5138
436 583 731 651 Auuanrun
763 575 873 645 Lru.
904 573 949 644 V.
1152 571 1221 666 265

255 752 398 849 quidem
423 754 623 849 confingere
650 748 760 837 ausus,
787 744 1070 845 “adrogantiam
1094 743 1163 816 oris
1191 747 1226 815 ὅτ

256 879 543 944 “contumacem
568 867 747 942 animum’'
772 866 952 955 incusavit,
979 890 1109 961 magno
1131 860 1225 935 sena-

256 993 313 1063 tlts
341 1014 470 1087 pavore
499 1015 539 1061 ac
568 987 721 1060 filemio:
749 987 860 1059 donec
882 983 997 1082 pauci,
1026 984 1104 1078 quls
1133 983 1229 1054 nulla

256 1135 301 1184 ex
320 1107 463 1181 honesto
480 1105 568 1202 spes,
595 1111 627 1178 ἃ
651 1106 789 1202 publica
812 1107 901 1178 mala
922 1102 1061 1200 fingulis
1077 1102 1112 1174 in
1128 1127 1229 1175 occa-

257 1234 385 1303 fionem
405 1226 525 1326 gratiae
541 1227 735 1314 trahuntur,
763 1232 789 1266 “
803 1244 842 1297 ut
863 1221 1060 1296 referretur''
1078 1221 1229 1317 postula-

258 1350 354 1436 vere,
381 1344 632 1442 promptislimo
666 1346 767 1417 Cotta
793 1341 979 1416 Messalino
1012 1367 1092 1415 cum
1124 1339 1231 1411 atroci

258 1466 446 1542 sententiat
478 1462 537 1535 sed
558 1462 632 1535 aliis
656 1489 677 1535 a
701 1462 925 1559 primoribus,
961 1459 1185 1556 maximeque
1211 1485 1233 1531 a

256 1585 525 1683 magistratibus,
569 1582 823 1678 trepidabatur:
877 1580 1007 1677 quippe
1047 1577 1226 1666 Tiberius,

257 1710 316 1778 ets1
332 1704 462 1778 infense
485 1704 652 1791 invectus,
680 1721 791 1774 cetera
806 1701 970 1798 ambigua
986 1698 1182 1796 reliquerat.

309 1827 370 1898 IV.
401 1826 502 1897 Furr
533 1822 569 1894 in
597 1821 713 1893 senatu
737 1819 862 1914 Junius
887 1818 1061 1906 Rusticus,
1090 1842 1234 1913 compo-

260 1943 382 2018 nendis
405 1963 542 2038 patrum
567 1939 649 2012 attis
665 1940 816 2012 delectus
832 1965 853 2010 a
867 1938 1009 2026 Caesare,
1035 1939 1146 2033 eoque
1162 1960 1234 2008 me-

262 2061 446 2135 ditationes
470 2060 542 2158 ejus
558 2058 778 2155 introspicere
794 2057 963 2132 creditus:
994 2056 1022 2128 is
1039 2055 1132 2128 fatali
1149 2081 1236 2153 quo-

261 2184 344 2254 dam
361 2201 460 2253 motu
487 2184 619 2276 (neque
644 2178 736 2251 enim
753 2178 830 2250 ante
848 2177 1020 2274 specimen
1038 2174 1236 2249 constantiae

262 2301 424 2394 dederat)
454 2298 511 2371 seu
540 2301 643 2394 prava
671 2296 814 2385 solertia,
844 2298 945 2386 dum,
979 2294 1238 2368 imminentium

265 2419 408 2510 oblitus,
445 2418 574 2491 incerta
605 2436 723 2513 pavet,
758 2415 896 2489 inserere
919 2416 952 2487 se
984 2414 1237 2504 dubitantibus,

265 2564 305 2610 ac
322 2563 464 2610 monere
488 2536 642 2610 consules
667 2543 694 2578 “
711 2561 755 2609 ne
772 2534 971 2609 relationem
998 2534 1187 2630 inciperent
1204 2535 1241 2605 :''

264 2656 530 2752 disserebatque,
562 2662 589 2697 “
609 2655 772 2728 brevibus
797 2654 984 2728 momentis
1001 2652 1136 2727 summa
1153 2654 1240 2727 verti

267 2783 295 2826 “
314 2777 426 2871 polse3
455 2775 664 2870 quandoque
685 2773 885 2848 Germanici
903 2774 1058 2870 stirpem,
1080 2778 1141 2848 ubi
1165 2772 1241 2872 spa·

268 2901 295 2937 “
317 2892 406 2965 tium
431 2892 638 2988 paenitentiae
666 2891 766 2982 senis,
792 2893 997 2990 resurgere.’'
1045 2892 1156 2965 Simul
1178 2919 1242 2991 po·

267 3014 367 3110 pulus
399 3009 529 3108 effigies
548 3010 755 3108 Agrippina
772 3038 812 3084 ac
834 3012 985 3084 Neronis
1012 3037 1147 3110 gerens,
1176 3012 1239 3084 cir·

271 3129 435 3203 eumfistit
464 3129 607 3221 curiam,
633 3128 790 3226 festisque
810 3131 845 3203 in
862 3131 1030 3204 Caesarem
1048 3131 1238 3220 ominibus,
1324 3146 1328 3154 '

271 3259 299 3293 “
318 3248 412 3322 salsas
429 3249 555 3338 literas,
583 3255 617 3324 ὃ(
642 3248 804 3346 Principe
820 3250 930 3323 invito
955 3250 1103 3324 exitium
1119 3253 1243 3324 domui

271 3377 298 3413 “
325 3367 396 3464 ejus
413 3367 582 3458 intendi‚''
615 3367 793 3440 clamitat:
821 3369 868 3442 ita
887 3370 971 3442 nihil
989 3369 1081 3442 triste
1107 3370 1168 3442 illo
1185 3371 1242 3443 dle

273 3508 455 3586 patratum.
506 3490 718 3560 Ferebantur
734 3488 837 3560 etiam
860 3488 922 3561 snb
941 3488 1138 3562 nominibus
1160 3515 1244 3562 con-

271 3606 434 3680 sularium
451 3607 540 3679 fietae
557 3604 592 3676 in
609 3603 770 3702 Sejanum
787 3606 973 3698 sententiae,
1002 3609 1243 3682 exercentibus

272 3725 439 3823 plerisque
463 3750 524 3821 per
540 3727 732 3816 occultum,
758 3747 862 3823 atque
884 3726 926 3798 eb
948 3704 1139 3823 procaciui,
1165 3727 1244 3801 libi·

270 3844 389 3917 dinem
416 3844 658 3941 ingeniorum:
693 3847 786 3918 unde
821 3846 872 3918 illi
900 3846 947 3918 ira
978 3846 1175 3936 violentior,
1209 3854 1243 3921 &

271 3962 428 4046 materies
445 3964 661 4055 criminandi,
686 3973 713 4009 “
730 3965 880 4064 spretum
896 3967 1056 4043 dolorem
1073 3966 1245 4072 Principis
