2986 5138
259 577 325 626 112
470 551 1055 627 C.Cortnua11TAc1r1

253 726 300 798 trl
327 724 459 824 origine
482 729 693 818 veneranda,
711 726 833 826 relegit
857 729 989 817 Asiam,
1011 725 1226 826 adpellitque

253 845 476 941 Colophona,
501 865 538 918 ut
561 846 668 919 Clarii
693 847 870 943 Apollinis
902 847 1043 919 oraculo
1064 865 1226 920 uteretur.

252 965 338 1035 Non
354 963 483 1037 femina
498 964 584 1054 illic,
608 985 648 1037 ut
676 966 770 1061 apud
796 967 967 1062 Delphos,
997 963 1056 1038 sed
1082 964 1183 1038 certis
1205 989 1227 1038 e

255 1081 394 1156 familiis
423 1087 456 1157 δι
485 1081 594 1157 ferme
610 1084 739 1157 Mileto
762 1085 891 1158 accitus
902 1083 1072 1173 sacerdos,
1102 1109 1225 1157 nurne-

255 1226 334 1274 rum
362 1202 469 1276 niodo
495 1202 763 1278 consultantium
788 1207 821 1277 δι
846 1203 989 1277 nomina
1000 1202 1121 1276 audit:
1147 1224 1226 1276 tum

254 1323 291 1394 in
309 1320 449 1418 specum
479 1324 667 1419 degressus,
698 1323 818 1396 hausta
841 1321 945 1396 sontis
977 1322 1092 1396 arcani
1120 1325 1225 1420 aqufi,

255 1441 393 1540 ignarus
424 1442 628 1538 plerumque
655 1441 829 1515 literarum
856 1447 890 1515 δι
914 1442 1121 1534 carminum,
1155 1442 1228 1519 edit

255 1558 410 1657 responsa
432 1563 597 1650 versibus,
635 1562 831 1659 compositis
858 1561 959 1660 supet
1002 1565 1105 1636 rebus
1141 1586 1229 1661 quas

257 1680 335 1776 quis
366 1699 481 1753 mente
514 1680 702 1777 concepit:
735 1685 767 1754 &
797 1679 987 1772 serebatur,
1015 1682 1228 1756 Germanico

257 1826 318 1897 per
344 1802 521 1897 ambages,
550 1820 588 1873 ut
604 1826 679 1873 mos
692 1799 850 1890 oraculis,
882 1808 1098 1875 “maturum
1123 1799 1225 1872 exiti·

258 1926 285 1961 “
303 1921 389 1991 um”
419 1919 586 1992 cecinisse.

305 2039 386 2111 LV.
416 2043 475 2112 Ar
493 2041 685 2130 Cn.P1so,
720 2065 792 2139 quo
809 2039 1045 2139 properantius
1059 2036 1228 2112 destinata

257 2157 439 2254 inciperet,
478 2156 654 2231 civitatem
693 2159 957 2234 Atheniensium
987 2157 1129 2232 turbido
1172 2157 1226 2230 in·

257 2279 350 2351 ceffu
379 2276 578 2351 exterritam
601 2277 757 2351 oratione
782 2277 871 2352 saevs
885 2277 1051 2375 increpat,
1081 2275 1227 2373 oblique

256 2397 506 2470 Germanicum
535 2397 781 2497 perstringens,
807 2405 835 2442 “
849 2397 945 2496 qudd
971 2415 1095 2471 contra
1120 2395 1228 2468 decus

260 2524 289 2560 “
308 2516 461 2590 Romani
478 2515 627 2589 nominis
652 2544 722 2590 non
744 2515 969 2592 Athenienses
991 2535 1045 2590 tot
1070 2515 1229 2589 cladibus

259 2642 288 2678 “
305 2634 502 2723 exstinslos,
531 2633 589 2708 sed
614 2636 803 2711 colluviem
834 2637 931 2710 illam
954 2636 1134 2709 nationum
1167 2659 1228 2707 co·

261 2761 288 2796 “
306 2753 425 2826 mitate
441 2753 548 2827 nimia
563 2756 735 2828 coluisset:
764 2759 829 2829 hos
844 2756 939 2830 enirn
955 2759 1022 2829 esse
1037 2754 1227 2829 Mithrida-

261 2873 349 2945 “tis
373 2875 536 2946 adversirs
564 2875 709 2965 Sullam,
735 2875 883 2948 Antonii
915 2877 1079 2949 adversius
1104 2874 1229 2947 divum

261 2996 507 3091 “Augustum
534 2993 640 3067 socios
657 2997 693 3066 :''
733 2994 838 3066 etiam
876 3016 993 3069 vetera
1020 2993 1227 3092 objectabat,

261 3119 290 3154 “
308 3139 385 3208 quae
417 3114 453 3185 in
483 3115 697 3187 Macedones
733 3112 957 3211 improspere,
990 3114 1160 3187 violenter
1192 3113 1229 3186 in

262 3240 289 3274 “
308 3231 384 3306 suos
406 3231 558 3305 fecissent
573 3235 608 3305 :'’
648 3230 796 3306 offensus
821 3233 898 3306 urbi
927 3233 1066 3331 propris
1087 3257 1229 3331 quoque

259 3352 331 3436 inl3
366 3352 449 3448 quia
482 3352 723 3450 Theophilum
759 3352 949 3448 quemdam
980 3358 1075 3426 Areo
1093 3351 1229 3449 judicio

260 3471 331 3543 salsi
352 3472 572 3562 damnatum,
599 3473 758 3570 precibus
780 3470 846 3544 suis
884 3498 955 3544 non
987 3473 1227 3546 concederent.

262 3590 357 3662 Exin
369 3591 588 3687 navigatione
608 3592 710 3664 celeri
727 3617 788 3688 per
800 3592 983 3687 Cycladas,
1010 3595 1228 3686 &compen-

260 3708 320 3779 dia
335 3709 449 3796 maris,
480 3709 677 3807 adsequitur
694 3711 943 3784 Germanicum
967 3710 1060 3806 apud
1081 3706 1226 3781 insulam

260 3829 445 3914 Rhodum,
472 3828 564 3900 haud
600 3827 752 3902 nescium
790 3830 918 3927 quibus
950 3826 1228 3901 infestationibus

263 3947 387 4043 petitus
403 3945 514 4019 foret:
543 3946 601 4021 sed
626 3952 719 4024 tants
741 3947 1001 4026 mansuetudine
1017 3948 1156 4047 agebat,
1187 3968 1227 4020 ut
