2986 5138
384 525 686 599 Avvntruu
727 522 840 594 Lrn.
866 521 928 593 111.
1066 546 1169 620 ⁴159

201 687 258 768 sed
284 695 321 768 in
343 698 493 794 singulos
511 696 667 768 homines
685 698 761 769 Iatae
779 694 1003 792 quaestiones:
1034 698 1067 767 &
1094 722 1169 770 cor·

199 815 386 912 ruptiffrmfi
400 816 578 911 republica
596 814 752 911 plurimae
770 817 874 911 leges.

250 936 420 1007 XXVIII.
457 936 552 1007 Tun
569 937 635 1008 Cn.
652 933 841 1029 Pompeius
869 932 1009 1005 tertium
1038 933 1169 1024 consul,

201 1052 412 1150 corrigendis
429 1053 584 1126 moribus
601 1055 767 1141 deleclus,
795 1051 982 1149 &gravior
996 1054 1168 1144 remediis,

201 1172 308 1268 quiun
336 1171 462 1245 delicta
495 1193 602 1261 erant,
642 1172 850 1267 suarumque
895 1173 1014 1268 legum
1051 1175 1170 1244 auclor

195 1288 291 1363 idem
323 1317 363 1364 ac
395 1289 586 1380 subversor,
621 1317 699 1388 quae
730 1289 835 1363 armis
867 1292 1040 1381 tuebatur,
1067 1292 1169 1365 armis

200 1409 321 1483 amifit.
373 1409 467 1482 Exin
490 1410 656 1485 continua
677 1435 738 1506 per
762 1409 887 1507 viginti
912 1436 1020 1482 annos
1040 1409 1171 1484 discor-

199 1528 282 1603 dia:
313 1554 385 1603 non
413 1554 503 1618 mos,
528 1555 600 1601 non
616 1527 696 1626 jus:
729 1528 911 1602 deterrima
936 1555 1086 1625 quaeque
1102 1530 1169 1602 im-

200 1648 318 1743 pune3
344 1673 385 1721 ac
410 1649 519 1721 multa
545 1648 686 1721 honesta
702 1646 808 1719 exitio
825 1645 929 1719 fuere.
978 1651 1083 1722 Sexto
1107 1652 1169 1724 de·

200 1791 300 1840 mum
329 1766 508 1841 consulatu
531 1762 645 1840 Caesar
670 1766 862 1863 Augustus,
889 1767 1050 1862 potentiae
1074 1766 1170 1842 secu·

198 1911 269 1974 rus,
303 1911 381 1982 quae
407 1886 625 1960 triumviratu
645 1885 796 1983 jusserat,
839 1884 1016 1957 abolevit:
1054 1887 1168 1959 dedit-

199 2030 268 2103 que
295 2002 387 2101 jura,
415 2006 493 2103 quis
511 2032 595 2102 pace
613 2009 645 2077 δι
663 2005 821 2101 Principe
837 2025 1038 2076 uteremur:
1061 2007 1168 2079 acrio-

197 2148 236 2196 ra
260 2150 305 2197 ex
331 2150 374 2198 eo
401 2124 528 2214 vincla,
555 2124 657 2197 inditi
683 2123 857 2213 custodes,
894 2129 927 2196 &
956 2125 1034 2221 Iege
1062 2125 1169 2222 Papia
1211 2123 1213 2127 ’

198 2243 349 2339 Poppaea
366 2243 515 2341 praemiis
527 2243 672 2333 inducti,
689 2264 741 2334 ut,
768 2247 825 2316 fia
842 2242 1028 2340 privilegiis
1046 2272 1169 2342 paren·

198 2381 275 2437 tum
302 2365 496 2454 cessaretur,
535 2365 631 2436 velut
663 2389 784 2460 parens
821 2361 980 2434 omnium
1018 2367 1169 2462 populus

198 2482 354 2555 vacantia
371 2503 523 2556 teneret:
554 2481 610 2554 sed
627 2482 727 2554 altius
741 2485 986 2578 penetrabant3
1011 2484 1169 2557 Urbem·

198 2627 279 2698 que,
306 2606 339 2675 δι
369 2602 519 2690 Italiam,
559 2607 592 2675 &
623 2603 720 2699 quod
741 2600 886 2698 usquam
911 2603 1056 2694 civium,
1091 2631 1167 2679 cor-

196 2719 395 2816 ripuerant:
426 2723 686 2818 multorumque
710 2721 812 2794 excisi
846 2722 965 2812 status,
995 2727 1028 2796 δι
1061 2743 1169 2796 terror

197 2838 360 2911 omnibus
376 2837 628 2924 intentabatur3
659 2839 693 2911 ni
721 2840 882 2913 Tiberius
911 2840 1092 2914 statuendo
1115 2869 1168 2915 re-

197 2957 330 3046 medio,
352 2957 508 3056 quinque
521 2955 763 3048 consularium,
777 2960 932 3057 quinque
951 2986 970 3033 e
988 2960 1166 3057 praetoriis,

199 3075 346 3148 totidem
382 3101 401 3149 e
442 3097 554 3151 cetero
583 3076 700 3151 senatu
737 3079 825 3152 sorte
858 3079 1029 3152 duxisset:
1072 3082 1168 3176 apud

198 3221 285 3291 quos
312 3193 456 3267 exsoluti
481 3197 635 3294 plerique
663 3199 748 3296 legis
772 3225 894 3289 nexus,
921 3198 1102 3273 modicum
1130 3198 1168 3270 in

198 3311 341 3411 praesens
369 3316 606 3388 levamentum
630 3315 737 3391 suere.

246 3435 385 3505 XXIX.
411 3435 491 3506 Pan
520 3434 614 3508 idem
641 3456 777 3535 tempus
804 3437 985 3510 Neronem
1007 3460 1026 3507 e
1051 3433 1168 3507 liberis

196 3551 395 3625 Germanici
412 3550 489 3649 jam
517 3553 704 3652 ingressum
720 3555 917 3654 juventam,
941 3553 1166 3626 commenda-

196 3670 247 3747 vit
264 3671 441 3766 patribus3
473 3693 581 3771 utque
620 3683 807 3748 “munere
829 3671 1022 3770 capessendi
1051 3671 1166 3769 vigim.

197 3796 226 3832 “
244 3789 398 3865 tiviratris
424 3789 620 3886 solveretur,
652 3798 685 3866 ἃ
727 3791 963 3891 quinquennio
987 3791 1165 3891 maturius,

197 3914 225 3950 ‘⁴
244 3909 350 4006 qulun
370 3935 431 4008 per
453 3912 561 4010 leges,
585 3912 794 4009 quaesturam
813 3913 983 4011 peteret,'’
1011 3935 1081 3983 non
1098 3912 1166 3984 fine
1270 3952 1274 3962 ,
