2986 5138
253 546 273 615 8
443 544 485 614 C.
514 540 780 613 Connus-1
813 536 1017 608 Tarm

252 712 362 786 filium
379 712 449 810 ejus
477 711 763 787 senatusconsulto
789 709 985 796 sanciretur,
1014 702 1221 803 perfecerat-z

252 833 404 904 ceterum
418 833 453 904 in
463 833 589 905 nullius
600 857 766 930 umquam
778 829 915 902 suorum
932 850 1053 899 necem
1064 825 1225 899 duravit:

254 975 368 1048 neque
384 972 531 1026 mortem
558 952 676 1048 nepoti
695 975 757 1049 pro
772 948 947 1022 securitate
973 944 1125 1043 privigni
1141 944 1228 1018 inlu·

254 1090 341 1158 tam,
372 1071 536 1143 credibile
568 1093 649 1143 erat.
698 1068 845 1166 Propius
860 1090 958 1156 vero,
990 1065 1173 1138 Tiberium
1188 1088 1230 1137 ac

255 1188 410 1280 Liviam,
445 1190 544 1263 illum
577 1210 687 1279 metu,
720 1191 808 1260 hanc
853 1184 1090 1258 novercalibus
1121 1183 1226 1272 odiis,

256 1304 398 1405 suspedli
417 1312 449 1380 δι
468 1308 564 1380 invisi
575 1307 713 1405 juvenis
731 1308 862 1379 caedem
877 1303 1091 1377 festinas-ille.
1123 1305 1229 1375 Nun·

256 1425 356 1498 tianti
383 1427 586 1515 centurioni,
615 1447 653 1498 ut
679 1450 755 1498 mos
788 1422 933 1512 militiae,
963 1429 990 1464 “
1008 1419 1137 1513 sadum
1163 1424 1231 1495 esse

260 1551 288 1588 “
307 1546 404 1640 quod
432 1545 622 1641 imperasset
635 1547 682 1616 ’':
704 1552 863 1640 “neque
890 1542 1068 1639 imperasse
1082 1538 1162 1630 sese,
1194 1544 1229 1612 δι

261 1670 289 1706 “
307 1663 472 1735 rationem
490 1663 568 1735 fasti
585 1664 796 1736 reddendam
827 1663 920 1758 apud
951 1659 1145 1748 senatum,”
1177 1683 1229 1731 re·

259 1780 406 1877 spondit.
436 1784 542 1879 Qud
560 1783 740 1879 postquam
756 1779 928 1853 Sallustius
944 1775 1095 1873 Crispus
1123 1775 1229 1872 parti·

259 1927 340 1998 ceps
357 1900 560 1974 secretontm
591 1901 649 1995 (is
665 1903 709 1974 ad
736 1900 914 1972 tribunum
930 1893 1061 1970 miserat
1087 1894 1229 1968 codicil-

261 2021 331 2113 los)
351 2021 541 2116 comperit3
568 2039 723 2092 metuens
742 2044 785 2090 ne
801 2043 876 2090 reus
892 2017 1103 2103 subderetur,
1126 2013 1231 2112 juxtl

261 2137 449 2235 periculoso
462 2141 542 2210 fieta
558 2136 614 2210 seu
629 2162 709 2210 vera
721 2157 905 2234 promeret,
923 2134 1059 2235 monuit
1074 2134 1229 2225 Liviam,

264 2263 292 2298 “
327 2282 371 2327 ne
419 2282 542 2328 arcana
580 2257 719 2346 dumbs,
760 2281 804 2328 ne
848 2255 986 2328 consilis
1025 2254 1232 2346 amicorum,

264 2380 292 2416 “
310 2373 492 2445 ministeria
508 2373 659 2446 militum
692 2377 936 2472 vulgarentur:
967 2398 1055 2446 neve
1071 2374 1233 2448 Tiberius

264 2490 384 2562 “vim
411 2490 619 2587 principatus
648 2491 840 2582 resolveret,
870 2495 993 2566 ctrns'ta
1008 2493 1053 2565 ad
1080 2491 1235 2568 senatum

265 2614 294 2652 “
312 2610 481 2683 vocando.
501 2613 589 2682 Eam
618 2611 852 2684 conditionem
868 2614 935 2684 effe
960 2612 1164 2708 imperandi,
1194 2632 1234 2686 ut

267 2734 295 2770 “
313 2753 384 2800 non
400 2727 495 2800 aliter
510 2727 595 2800 ratio
623 2729 766 2820 constet,
797 2732 904 2827 quam
921 2734 944 2803 sr
961 2731 1021 2803 uni
1038 2733 1236 2805 reddatur.''

313 2849 393 2918 Vll.
428 2852 486 2918 Ar
517 2850 650 2920 Rossm
678 2874 773 2921 ruere
798 2849 834 2921 in
863 2847 1037 2922 servitium
1064 2849 1232 2942 consules,

269 2985 393 3061 patres,
424 2991 550 3061 eques:
571 2967 701 3064 quanto
714 2967 791 3065 quis
804 2968 985 3058 inlustrior,
1010 2971 1107 3042 tanto
1122 2972 1239 3070 magis

266 3084 334 3155 salsi
362 3109 401 3156 ac
429 3083 634 3175 festinantes,
665 3087 836 3183 vultuque
863 3092 1068 3184 compos1t0,
1095 3115 1139 3162 ne
1167 3090 1237 3163 laeti

267 3204 404 3275 excessu
442 3201 625 3299 Principis,
661 3230 728 3277 neu
760 3205 917 3278 tristiores
951 3207 1153 3304 primordio,
1189 3212 1236 3282 la·

268 3322 404 3410 crimas,
432 3321 611 3418 gaudium,
642 3325 792 3421 questus,
810 3325 1021 3399 adulationes
1037 3326 1239 3401 miscebant.

268 3442 347 3512 Sex.
363 3440 549 3536 Pompeius
579 3446 611 3513 ὃ(
637 3444 716 3515 Sex.
734 3443 943 3540 Appuleius,
971 3444 1138 3534 consules,
1169 3449 1239 3542 pri·

270 3558 319 3629 mi
335 3559 371 3630 in
390 3563 493 3632 verba
507 3560 640 3633 Tiberii
657 3561 982 3660 Caesarisjuravdre:
1001 3565 1163 3661 apudque
1180 3590 1241 3638 eos

271 3677 365 3749 Seius
394 3681 529 3768 Strabo,
559 3684 592 3750 u
625 3683 667 3753 C.
684 3680 886 3772 Turranius,
915 3683 973 3755 ille
1005 3682 1239 3778 praetoriarum

271 3797 465 3868 cohortium
491 3797 683 3891 praefeslus,
716 3799 773 3873 hic
790 3827 959 3875 annonae:
979 3824 1063 3874 mox
1089 3798 1241 3892 senatus,

272 3909 436 4010 milesque
468 3919 501 3986 δι
527 3918 688 4012 populus.
714 3920 812 3992 Nam
841 3919 1008 3994 Tiberius·
1028 3923 1155 3995 cunels.
1180 3946 1244 4020 per
