2986 5138
1169 549 1245 628 xvii

264 719 455 796 lrilominut
481 717 655 794 utilitlima
681 717 745 809 est,
777 715 873 818 qudd
900 719 1082 815 complura
1113 721 1240 795 veteris

263 838 439 938 scripturae
479 839 515 912 in
548 837 793 912 recentioribus
822 836 1031 912 editionibus
1060 864 1240 937 perperam

262 956 455 1033 immutatae
474 957 620 1056 vestigia
635 956 787 1030 retineat.
806 963 827 1007 ²*

312 1074 512 1152 Franciscus
529 1078 808 1164 Poraotnnus,
831 1077 1036 1165 Parmensis,
1062 1076 1241 1153 literarum

263 1196 493 1294 peritiffimus,
522 1197 667 1269 alteram
683 1191 871 1265 editionem
887 1203 916 1281 ¹,
941 1193 1010 1264 viti
1028 1194 1113 1287 Julii
1130 1196 1238 1293 Agri·

262 1317 351 1390 colae
372 1316 521 1400 auctam,
547 1309 743 1382 Mediolani
773 1309 976 1406 publicavit.
1024 1309 1240 1388 Nitidiorem

265 1433 534 1531 politioremque
554 1426 718 1499 Tacitum
735 1423 831 1516 fecit,
859 1447 936 1500 tum
963 1427 1043 1518 suis,
1071 1448 1147 1504 tum
1173 1434 1237 1504 Be·

260 1547 387 1621 nardini
404 1544 571 1634 lanterii,
596 1545 912 1619 Mediolanensrum
929 1566 1028 1620 aetate
1044 1547 1101 1621 sud
1119 1549 1236 1622 erudi·

261 1660 388 1751 tiffimi,
415 1659 623 1757 conjecturis
640 1663 777 1737 (ludius.
826 1662 918 1738 Usus
935 1666 984 1739 est
1001 1692 1142 1764 quoque
1165 1668 1238 1743 Ms.

261 1780 576 1855 codiceGenuensr.
610 1781 775 1855 Tacitum
786 1803 903 1856 autem
920 1808 1025 1857 nemo
1038 1786 1237 1861 meliusno-

260 1898 450 1988 vit,verii1s
462 1901 630 1996 expreffit.
666 1898 752 1998 Ejus
762 1900 950 2000 judicium,
964 1903 1087 1993 cuivis,
1100 1906 1148 1977 ob
1157 1904 1239 1979 libri

214 2022 216 2026 ’
259 2018 445 2113 raritatem,
471 2044 543 2092 non
570 2018 618 2091 ita
633 2020 794 2111 obvium,
823 2021 917 2094 silere
940 2021 1047 2095 nefas.
1098 2024 1239 2111 Omnem,

259 2136 387 2235 inquit,
413 2139 547 2232 historie
569 2141 663 2235 Iegem
683 2136 829 2214 absolvit
845 2140 990 2214 Tacitus
1008 2194 1131 2215 .....
1157 2143 1241 2214 nibil

247 2259 332 2352 suff
355 2258 467 2344 dicere,
494 2259 576 2328 nihil
596 2262 669 2330 ueri
697 2263 836 2332 omittere
866 2285 907 2330 art
920 2286 966 2332 us.
1017 2261 1057 2332 In
1069 2262 1235 2355 scribendo

255 2379 337 2449 euim
352 2377 556 2472 nesugoettus
569 2378 690 2473 quidem
715 2404 857 2476 remquam
867 2381 942 2472 suit
956 2392 1013 2452 aret
1023 2383 1151 2476 gratie,
1176 2394 1234 2452 aut

246 2498 407 2593 stmultati
418 2498 540 2593 aliquid
552 2498 653 2568 tribui
672 2523 701 2569 e.
750 2499 869 2570 Rerum
893 2501 1052 2585 rationem,
1079 2501 1141 2595 que
1165 2501 1236 2576 ordo

257 2631 437 2715 temporum,
460 2620 613 2713 regionum
640 2617 802 2714 descriptio
825 2619 973 2714 exigitur,
1004 2641 1088 2689 nemo
1110 2618 1236 2712 histori-

302 2860 313 2889 ¹
333 2855 409 2916 Huic
435 2877 544 2936 qnoque
559 2855 677 2916 editioni
700 2856 773 2915 nulla
785 2855 821 2914 est
833 2855 1036 2934 adjuniialoci,
1054 2855 1133 2928 anni,
1152 2869 1232 2937 typo·

258 2954 358 3035 graphi
371 2968 446 3016 nota.
477 2957 546 3015 Eam
560 2970 650 3016 tamen
663 2955 818 3013 Mediolani
832 2954 960 3033 prodiitie
972 2953 1044 3012 haud
1057 2955 1172 3015 dubium
1183 2957 1233 3028 est,

260 3055 326 3114 eitm
339 3069 428 3114 cetera
441 3055 581 3116 Puteolani
594 3075 677 3134 opera
689 3054 719 3113 in
732 3054 783 3115 hac
797 3053 864 3114 urbe
877 3053 975 3114 excusa
984 3056 1047 3124 fint,
1065 3055 1096 3114 in
1105 3055 1158 3132 qui
1171 3075 1233 3114 ora·

258 3154 359 3238 toriam
377 3169 463 3213 artem
477 3154 575 3234 magni
587 3174 651 3213 curn
663 3153 743 3212 lande
756 3154 943 3230 profitebatur.
976 3153 1139 3213 Puteolanus
1151 3154 1232 3213 addi-

258 3252 302 3313 dit
322 3252 419 3313 Vitam
436 3253 504 3328 Julii
530 3253 688 3333 Agricolae3
707 3252 857 3311 Annalium
877 3271 985 3331 quoque
1003 3259 1030 3310 ἀ
1048 3252 1233 3319 Historiarum

259 3353 345 3414 libros
356 3372 390 3411 ex
406 3353 462 3412 Ms.
476 3351 573 3412 codice
586 3352 723 3410 Genuenfi
741 3350 891 3410 recensuit:
912 3350 985 3410 unde
1002 3349 1137 3409 summum
1149 3351 1233 3409 debet

133 3448 139 3463 '
261 3453 313 3512 effe
336 3453 408 3532 apud
427 3441 572 3512 ¹literatum
593 3466 726 3510 amatores
749 3450 829 3527 hujus
849 3447 981 3507 editionis
1003 3447 1133 3526 pretium,
1159 3468 1241 3525 quarn

261 3551 349 3612 miror
360 3553 496 3614 librorum
510 3551 644 3611 rariorum
656 3549 865 3629 indagatoribus
878 3545 956 3606 iuiffe
968 3545 1149 3624 incognitam.
1177 3546 1235 3606 Ex-

259 3651 309 3710 stat
321 3650 427 3711 Parifiia
438 3651 469 3711 in
482 3649 654 3711 Bibliotheca
666 3649 764 3708 santia
775 3645 943 3708 Genovefae:
965 3665 1036 3715 earn,
1056 3664 1109 3723 pro
1124 3645 1170 3704 sui
1182 3647 1234 3707 hu-

260 3749 403 3821 manitate,
423 3751 542 3811 literaria
554 3748 681 3808 omnibus
699 3747 768 3807 vitia
783 3745 933 3826 comperti,
954 3764 1060 3804 mecum
1080 3746 1234 3807 communi.
1273 3750 1276 3756 '

259 3849 335 3909 cavit
355 3849 402 3910 ct.
415 3850 583 3919 Materna,
601 3847 667 3908 hnic
688 3845 868 3913 Bibliotheca
884 3843 1031 3924 ptaeseilut.
1071 3844 1175 3907 Recusa
1195 3848 1233 3909 et

264 3947 390 4013 Venetiir
402 3949 481 4011 annia
498 3968 571 4032 ¹497
585 3954 611 4008 tc
628 3966 710 4027 ¹⁵¹2·

765 4047 790 4119 b
