<?xml version="1.0" encoding="UTF-8"?>
<!DOCTYPE html PUBLIC "-//W3C//DTD XHTML 1.0 Transitional//EN"
    "http://www.w3.org/TR/xhtml1/DTD/xhtml1-transitional.dtd">
<html xmlns="http://www.w3.org/1999/xhtml" xml:lang="en" lang="en">
 <head>
  <title>
</title>
<meta http-equiv="Content-Type" content="text/html;charset=utf-8" />
  <meta name='ocr-system' content='tesseract 3.04.00' />
  <meta name='ocr-capabilities' content='ocr_page ocr_carea ocr_par ocr_line ocrx_word'/>
</head>
<body>
  <div class='ocr_page' id='page_1' title='image "./ccorneliitaciti03ernegoog_0335.png"; bbox 0 0 2940 5146; ppageno 0'>
   <div class='ocr_carea' id='block_1_1' title="bbox 244 579 1034 685">
    <p class='ocr_par' dir='ltr' id='par_1_1' title="bbox 244 579 1034 685">
     <span class='ocr_line' id='line_1_1' title="bbox 244 579 1034 685; baseline -0.01 -21"><span class='ocrx_word' id='word_1_1' title='bbox 244 591 312 685; x_wconf 83' lang='lat'>278</span> <span class='ocrx_word' id='word_1_2' title='bbox 458 585 500 656; x_wconf 88' lang='lat' dir='ltr'>C.</span> <span class='ocrx_word' id='word_1_3' title='bbox 533 579 1034 658; x_wconf 70' lang='lat' dir='ltr'>cosssm‘rscm</span> 
     </span>
    </p>
   </div>
   <div class='ocr_carea' id='block_1_2' title="bbox 232 751 1289 4071">
    <p class='ocr_par' dir='ltr' id='par_1_2' title="bbox 241 751 1289 2615">
     <span class='ocr_line' id='line_1_2' title="bbox 246 751 1253 853; baseline -0.006 -19"><span class='ocrx_word' id='word_1_4' title='bbox 246 760 414 834; x_wconf 87' lang='lat' dir='ltr'>“satione</span> <span class='ocrx_word' id='word_1_5' title='bbox 436 761 577 849; x_wconf 68' lang='lat' dir='ltr'>intenta,</span> <span class='ocrx_word' id='word_1_6' title='bbox 603 786 697 833; x_wconf 90' lang='lat' dir='ltr'>nunc</span> <span class='ocrx_word' id='word_1_7' title='bbox 726 761 882 831; x_wconf 83' lang='lat' dir='ltr'>silerent?</span> <span class='ocrx_word' id='word_1_8' title='bbox 914 774 1063 830; x_wconf 80' lang='lat' dir='ltr'>metunt</span> <span class='ocrx_word' id='word_1_9' title='bbox 1101 751 1253 853; x_wconf 85' lang='lat' dir='ltr'>prorsus</span> 
     </span>
     <span class='ocr_line' id='line_1_3' title="bbox 246 864 1248 976; baseline -0.006 -24"><span class='ocrx_word' id='word_1_10' title='bbox 246 888 274 922; x_wconf 90' lang='lat'>“</span> <span class='ocrx_word' id='word_1_11' title='bbox 301 885 334 952; x_wconf 68' lang='grc' dir='ltr'>ἃ</span> <span class='ocrx_word' id='word_1_12' title='bbox 363 864 509 952; x_wconf 86' lang='lat' dir='ltr'>noxiam</span> <span class='ocrx_word' id='word_1_13' title='bbox 535 879 749 954; x_wconf 81' lang='lat' dir='ltr'>conscientiae</span> <span class='ocrx_word' id='word_1_14' title='bbox 771 904 834 976; x_wconf 90' lang='lat' dir='ltr'>pro</span> <span class='ocrx_word' id='word_1_15' title='bbox 855 876 990 951; x_wconf 84' lang='lat' dir='ltr'>soedere</span> <span class='ocrx_word' id='word_1_16' title='bbox 1016 873 1176 949; x_wconf 87' lang='lat' dir='ltr'>haberi:</span> <span class='ocrx_word' id='word_1_17' title='bbox 1209 894 1248 946; x_wconf 89' lang='lat' dir='ltr'>at</span> 
     </span>
     <span class='ocr_line' id='line_1_4' title="bbox 246 997 1246 1096; baseline -0.004 -24"><span class='ocrx_word' id='word_1_18' title='bbox 246 1008 274 1043; x_wconf 91' lang='lat'><strong>“</strong></span> <span class='ocrx_word' id='word_1_19' title='bbox 292 1027 364 1072; x_wconf 92' lang='lat' dir='ltr'>non</span> <span class='ocrx_word' id='word_1_20' title='bbox 382 1003 534 1096; x_wconf 89' lang='lat' dir='ltr'>patribus</span> <span class='ocrx_word' id='word_1_21' title='bbox 552 999 738 1088; x_wconf 90' lang='lat' dir='ltr'>reticenda,</span> <span class='ocrx_word' id='word_1_22' title='bbox 757 1024 834 1096; x_wconf 81' lang='lat' dir='ltr'>quae</span> <span class='ocrx_word' id='word_1_23' title='bbox 851 997 1110 1070; x_wconf 83' lang='lat' dir='ltr'>audivissent.&#39;’</span> <span class='ocrx_word' id='word_1_24' title='bbox 1165 999 1246 1069; x_wconf 90' lang='lat' dir='ltr'>Re·</span> 
     </span>
     <span class='ocr_line' id='line_1_5' title="bbox 245 1115 1243 1216; baseline -0.003 -25"><span class='ocrx_word' id='word_1_25' title='bbox 245 1121 347 1216; x_wconf 89' lang='lat' dir='ltr'>gulus</span> <span class='ocrx_word' id='word_1_26' title='bbox 365 1126 392 1160; x_wconf 90' lang='lat'><strong>“</strong></span> <span class='ocrx_word' id='word_1_27' title='bbox 407 1143 542 1191; x_wconf 88' lang='lat' dir='ltr'>manere</span> <span class='ocrx_word' id='word_1_28' title='bbox 561 1140 698 1214; x_wconf 89' lang='lat' dir='ltr'>tempus</span> <span class='ocrx_word' id='word_1_29' title='bbox 709 1117 858 1206; x_wconf 91' lang='lat' dir='ltr'>ultionis,</span> <span class='ocrx_word' id='word_1_30' title='bbox 872 1116 976 1214; x_wconf 87' lang='lat' dir='ltr'>seque</span> <span class='ocrx_word' id='word_1_31' title='bbox 989 1140 1119 1189; x_wconf 85' lang='lat' dir='ltr'>coram</span> <span class='ocrx_word' id='word_1_32' title='bbox 1133 1115 1243 1188; x_wconf 91' lang='lat' dir='ltr'>Prin·</span> 
     </span>
     <span class='ocr_line' id='line_1_6' title="bbox 246 1234 1244 1334; baseline -0.002 -25"><span class='ocrx_word' id='word_1_33' title='bbox 246 1245 274 1280; x_wconf 92' lang='lat'><strong>“</strong></span> <span class='ocrx_word' id='word_1_34' title='bbox 291 1237 366 1334; x_wconf 88' lang='lat' dir='ltr'>cipe</span> <span class='ocrx_word' id='word_1_35' title='bbox 385 1236 623 1310; x_wconf 83' lang='lat' dir='ltr'>exsecuturum</span> <span class='ocrx_word' id='word_1_36' title='bbox 637 1239 675 1309; x_wconf 84' lang='lat'>:&#39;’</span> <span class='ocrx_word' id='word_1_37' title='bbox 694 1237 789 1309; x_wconf 93' lang='lat' dir='ltr'>Trio·</span> <span class='ocrx_word' id='word_1_38' title='bbox 807 1244 834 1279; x_wconf 92' lang='lat'><strong>“</strong></span> <span class='ocrx_word' id='word_1_39' title='bbox 857 1234 1127 1308; x_wconf 70' lang='lat' dir='ltr'>emulationem</span> <span class='ocrx_word' id='word_1_40' title='bbox 1145 1235 1244 1307; x_wconf 86' lang='lat' dir='ltr'>inter</span> 
     </span>
     <span class='ocr_line' id='line_1_7' title="bbox 245 1350 1240 1453; baseline -0.003 -25"><span class='ocrx_word' id='word_1_41' title='bbox 245 1362 274 1400; x_wconf 90' lang='lat'><strong>“</strong></span> <span class='ocrx_word' id='word_1_42' title='bbox 292 1358 457 1453; x_wconf 89' lang='lat' dir='ltr'>collegas,</span> <span class='ocrx_word' id='word_1_43' title='bbox 488 1361 521 1428; x_wconf 87' lang='lat'>&amp;</span> <span class='ocrx_word' id='word_1_44' title='bbox 557 1360 579 1428; x_wconf 81' lang='lat' dir='ltr'>ss</span> <span class='ocrx_word' id='word_1_45' title='bbox 615 1381 683 1452; x_wconf 88' lang='lat' dir='ltr'>qua</span> <span class='ocrx_word' id='word_1_46' title='bbox 716 1354 883 1427; x_wconf 85' lang='lat' dir='ltr'>discordes</span> <span class='ocrx_word' id='word_1_47' title='bbox 904 1353 1070 1453; x_wconf 82' lang='lat' dir='ltr'>jecissent</span> <span class='ocrx_word' id='word_1_48' title='bbox 1102 1350 1240 1427; x_wconf 67' lang='lat' dir='ltr'>melitis</span> 
     </span>
     <span class='ocr_line' id='line_1_8' title="bbox 245 1471 1237 1571; baseline 0.002 -28"><span class='ocrx_word' id='word_1_49' title='bbox 245 1479 273 1515; x_wconf 89' lang='lat'><strong>“</strong></span> <span class='ocrx_word' id='word_1_50' title='bbox 300 1473 510 1562; x_wconf 88' lang='lat' dir='ltr'>obliterari,’&#39;</span> <span class='ocrx_word' id='word_1_51' title='bbox 527 1473 712 1570; x_wconf 89' lang='lat' dir='ltr'>respondit.</span> <span class='ocrx_word' id='word_1_52' title='bbox 761 1476 919 1571; x_wconf 87' lang='lat' dir='ltr'>Urgente</span> <span class='ocrx_word' id='word_1_53' title='bbox 943 1471 1125 1569; x_wconf 69' lang='lat' dir='ltr'>Agrippa,</span> <span class='ocrx_word' id='word_1_54' title='bbox 1144 1475 1237 1546; x_wconf 85' lang='lat' dir='ltr'>San-</span> 
     </span>
     <span class='ocr_line' id='line_1_9' title="bbox 243 1590 1233 1687; baseline 0.005 -25"><span class='ocrx_word' id='word_1_55' title='bbox 243 1590 381 1687; x_wconf 90' lang='lat' dir='ltr'>quinius</span> <span class='ocrx_word' id='word_1_56' title='bbox 398 1592 592 1682; x_wconf 85' lang='lat' dir='ltr'>Maximus,</span> <span class='ocrx_word' id='word_1_57' title='bbox 611 1620 630 1666; x_wconf 92' lang='lat' dir='ltr'>e</span> <span class='ocrx_word' id='word_1_58' title='bbox 647 1592 895 1681; x_wconf 89' lang='lat' dir='ltr'>consularibus,</span> <span class='ocrx_word' id='word_1_59' title='bbox 919 1591 1031 1664; x_wconf 86' lang='lat' dir='ltr'>oravit</span> <span class='ocrx_word' id='word_1_60' title='bbox 1047 1591 1233 1682; x_wconf 88' lang='lat' dir='ltr'>senatum,</span> 
     </span>
     <span class='ocr_line' id='line_1_10' title="bbox 247 1708 1234 1809; baseline 0.006 -30"><span class='ocrx_word' id='word_1_61' title='bbox 247 1716 276 1750; x_wconf 88' lang='lat'><strong>“</strong></span> <span class='ocrx_word' id='word_1_62' title='bbox 295 1735 338 1781; x_wconf 88' lang='lat' dir='ltr'>ne</span> <span class='ocrx_word' id='word_1_63' title='bbox 362 1736 459 1784; x_wconf 89' lang='lat' dir='ltr'>curas</span> <span class='ocrx_word' id='word_1_64' title='bbox 485 1711 720 1807; x_wconf 87' lang='lat' dir='ltr'>Imperatoris,</span> <span class='ocrx_word' id='word_1_65' title='bbox 748 1710 944 1809; x_wconf 76' lang='lat' dir='ltr'>conquisitis</span> <span class='ocrx_word' id='word_1_66' title='bbox 966 1708 1111 1807; x_wconf 90' lang='lat' dir='ltr'>insuper</span> <span class='ocrx_word' id='word_1_67' title='bbox 1131 1737 1234 1785; x_wconf 84' lang='lat' dir='ltr'>acer-</span> 
     </span>
     <span class='ocr_line' id='line_1_11' title="bbox 244 1826 1231 1927; baseline 0.002 -26"><span class='ocrx_word' id='word_1_68' title='bbox 244 1836 272 1872; x_wconf 90' lang='lat'><strong>“</strong></span> <span class='ocrx_word' id='word_1_69' title='bbox 291 1827 455 1903; x_wconf 87' lang='lat' dir='ltr'>bitatibus</span> <span class='ocrx_word' id='word_1_70' title='bbox 489 1851 674 1927; x_wconf 86' lang='lat' dir='ltr'>augerent:</span> <span class='ocrx_word' id='word_1_71' title='bbox 705 1826 858 1903; x_wconf 87' lang='lat' dir='ltr'>sufficere</span> <span class='ocrx_word' id='word_1_72' title='bbox 887 1826 998 1926; x_wconf 89' lang='lat' dir='ltr'>ipsum</span> <span class='ocrx_word' id='word_1_73' title='bbox 1023 1827 1231 1903; x_wconf 86' lang='lat' dir='ltr'>statuendis</span> 
     </span>
     <span class='ocr_line' id='line_1_12' title="bbox 244 1947 1229 2046; baseline 0.004 -26"><span class='ocrx_word' id='word_1_74' title='bbox 244 1955 273 1991; x_wconf 90' lang='lat'><strong>“</strong></span> <span class='ocrx_word' id='word_1_75' title='bbox 291 1950 496 2021; x_wconf 85' lang='lat' dir='ltr'>remediis:’&#39;</span> <span class='ocrx_word' id='word_1_76' title='bbox 530 1953 573 2022; x_wconf 85' lang='lat' dir='ltr'>fic</span> <span class='ocrx_word' id='word_1_77' title='bbox 599 1952 739 2046; x_wconf 89' lang='lat' dir='ltr'>Regulo</span> <span class='ocrx_word' id='word_1_78' title='bbox 756 1949 856 2037; x_wconf 87' lang='lat' dir='ltr'>salus,</span> <span class='ocrx_word' id='word_1_79' title='bbox 882 1953 915 2021; x_wconf 75' lang='grc' dir='ltr'>δι</span> <span class='ocrx_word' id='word_1_80' title='bbox 939 1947 1067 2019; x_wconf 90' lang='lat' dir='ltr'>Trioni</span> <span class='ocrx_word' id='word_1_81' title='bbox 1100 1949 1229 2024; x_wconf 87' lang='lat' dir='ltr'>dilatio</span> 
     </span>
     <span class='ocr_line' id='line_1_13' title="bbox 242 2065 1289 2166; baseline 0.001 -24"><span class='ocrx_word' id='word_1_82' title='bbox 242 2069 338 2142; x_wconf 87' lang='lat' dir='ltr'>exitii</span> <span class='ocrx_word' id='word_1_83' title='bbox 357 2074 505 2166; x_wconf 82' lang='lat' dir='ltr'>quaesrta.</span> <span class='ocrx_word' id='word_1_84' title='bbox 557 2069 723 2142; x_wconf 90' lang='lat' dir='ltr'>Haterius</span> <span class='ocrx_word' id='word_1_85' title='bbox 740 2065 968 2156; x_wconf 86' lang='lat' dir='ltr'>invifiorsuit,</span> <span class='ocrx_word' id='word_1_86' title='bbox 996 2065 1080 2162; x_wconf 88' lang='lat' dir='ltr'>quia</span> <span class='ocrx_word' id='word_1_87' title='bbox 1097 2065 1229 2143; x_wconf 92' lang='lat' dir='ltr'>somno</span> <span class='ocrx_word' id='word_1_88' title='bbox 1279 2105 1289 2121; x_wconf 94' lang='lat'><strong>·</strong></span> 
     </span>
     <span class='ocr_line' id='line_1_14' title="bbox 241 2185 1225 2284; baseline -0.002 -22"><span class='ocrx_word' id='word_1_89' title='bbox 241 2211 299 2263; x_wconf 86' lang='lat' dir='ltr'>aut</span> <span class='ocrx_word' id='word_1_90' title='bbox 327 2191 515 2262; x_wconf 80' lang='lat' dir='ltr'>libidinosis</span> <span class='ocrx_word' id='word_1_91' title='bbox 538 2189 666 2284; x_wconf 89' lang='lat' dir='ltr'>vigiliis</span> <span class='ocrx_word' id='word_1_92' title='bbox 689 2187 876 2276; x_wconf 89' lang='lat' dir='ltr'>marcidus,</span> <span class='ocrx_word' id='word_1_93' title='bbox 896 2191 929 2258; x_wconf 77' lang='grc' dir='ltr'>δι</span> <span class='ocrx_word' id='word_1_94' title='bbox 951 2188 999 2259; x_wconf 92' lang='lat' dir='ltr'>ob</span> <span class='ocrx_word' id='word_1_95' title='bbox 1019 2185 1225 2283; x_wconf 76' lang='lat' dir='ltr'>segnitiam,</span> 
     </span>
     <span class='ocr_line' id='line_1_15' title="bbox 242 2306 1225 2405; baseline 0 -26"><span class='ocrx_word' id='word_1_96' title='bbox 242 2308 400 2405; x_wconf 89' lang='lat' dir='ltr'>quamvis</span> <span class='ocrx_word' id='word_1_97' title='bbox 432 2309 609 2380; x_wconf 86' lang='lat' dir='ltr'>crudelem</span> <span class='ocrx_word' id='word_1_98' title='bbox 636 2306 833 2402; x_wconf 87' lang='lat' dir='ltr'>Principem</span> <span class='ocrx_word' id='word_1_99' title='bbox 861 2331 932 2377; x_wconf 90' lang='lat' dir='ltr'>non</span> <span class='ocrx_word' id='word_1_100' title='bbox 959 2324 1135 2395; x_wconf 86' lang='lat' dir='ltr'>metuens,</span> <span class='ocrx_word' id='word_1_101' title='bbox 1164 2307 1225 2379; x_wconf 85' lang='lat' dir='ltr'>in·</span> 
     </span>
     <span class='ocr_line' id='line_1_16' title="bbox 241 2424 1227 2523; baseline 0.003 -28"><span class='ocrx_word' id='word_1_102' title='bbox 241 2426 402 2497; x_wconf 90' lang='lat' dir='ltr'>lustribus</span> <span class='ocrx_word' id='word_1_103' title='bbox 424 2427 503 2498; x_wconf 83' lang='lat' dir='ltr'>viris</span> <span class='ocrx_word' id='word_1_104' title='bbox 532 2425 732 2520; x_wconf 86' lang='lat' dir='ltr'>perniciem,</span> <span class='ocrx_word' id='word_1_105' title='bbox 763 2426 850 2497; x_wconf 88' lang='lat' dir='ltr'>inter</span> <span class='ocrx_word' id='word_1_106' title='bbox 865 2450 1010 2523; x_wconf 87' lang='lat' dir='ltr'>ganeam</span> <span class='ocrx_word' id='word_1_107' title='bbox 1027 2449 1067 2496; x_wconf 90' lang='lat' dir='ltr'>ac</span> <span class='ocrx_word' id='word_1_108' title='bbox 1084 2424 1227 2523; x_wconf 82' lang='lat' dir='ltr'>stupra,</span> 
     </span>
     <span class='ocr_line' id='line_1_17' title="bbox 241 2544 487 2615; baseline -0.004 0"><span class='ocrx_word' id='word_1_109' title='bbox 241 2544 487 2615; x_wconf 83' lang='lat' dir='ltr'>meditabatur.</span> 
     </span>
    </p>

    <p class='ocr_par' dir='ltr' id='par_1_3' title="bbox 232 2662 1235 4071">
     <span class='ocr_line' id='line_1_18' title="bbox 288 2662 1225 2763; baseline 0.01 -33"><span class='ocrx_word' id='word_1_110' title='bbox 288 2665 332 2731; x_wconf 90' lang='lat' dir='ltr'>V.</span> <span class='ocrx_word' id='word_1_111' title='bbox 353 2664 460 2732; x_wconf 76' lang='lat' dir='ltr'>Exru</span> <span class='ocrx_word' id='word_1_112' title='bbox 480 2662 584 2733; x_wconf 89' lang='lat' dir='ltr'>Cotta</span> <span class='ocrx_word' id='word_1_113' title='bbox 603 2664 819 2753; x_wconf 80' lang='lat' dir='ltr'>Messalinus,</span> <span class='ocrx_word' id='word_1_114' title='bbox 849 2663 1032 2736; x_wconf 84' lang='lat' dir='ltr'>saeviffimae</span> <span class='ocrx_word' id='word_1_115' title='bbox 1051 2662 1225 2763; x_wconf 83' lang='lat' dir='ltr'>cujusque</span> 
     </span>
     <span class='ocr_line' id='line_1_19' title="bbox 239 2778 1225 2879; baseline 0.009 -28"><span class='ocrx_word' id='word_1_116' title='bbox 239 2778 410 2851; x_wconf 84' lang='lat' dir='ltr'>sententiae</span> <span class='ocrx_word' id='word_1_117' title='bbox 451 2783 581 2870; x_wconf 70' lang='lat' dir='ltr'>auslor,</span> <span class='ocrx_word' id='word_1_118' title='bbox 617 2786 727 2879; x_wconf 75' lang='lat' dir='ltr'>eoque</span> <span class='ocrx_word' id='word_1_119' title='bbox 760 2785 942 2855; x_wconf 71' lang='lat' dir='ltr'>inveteratb</span> <span class='ocrx_word' id='word_1_120' title='bbox 974 2782 1120 2873; x_wconf 78' lang='lat' dir='ltr'>invidia,</span> <span class='ocrx_word' id='word_1_121' title='bbox 1160 2788 1225 2860; x_wconf 93' lang='lat' dir='ltr'>ubi</span> 
     </span>
     <span class='ocr_line' id='line_1_20' title="bbox 239 2898 1226 2999; baseline 0.009 -30"><span class='ocrx_word' id='word_1_122' title='bbox 239 2899 390 2995; x_wconf 74' lang='lat' dir='ltr'>primum</span> <span class='ocrx_word' id='word_1_123' title='bbox 404 2898 545 2972; x_wconf 84' lang='lat' dir='ltr'>facultas</span> <span class='ocrx_word' id='word_1_124' title='bbox 562 2904 653 2990; x_wconf 84' lang='lat' dir='ltr'>data,</span> <span class='ocrx_word' id='word_1_125' title='bbox 672 2903 827 2999; x_wconf 82' lang='lat' dir='ltr'>arguitur</span> <span class='ocrx_word' id='word_1_126' title='bbox 838 2904 1024 2998; x_wconf 84' lang='lat' dir='ltr'>pleraque:</span> <span class='ocrx_word' id='word_1_127' title='bbox 1041 2909 1068 2944; x_wconf 89' lang='lat'><strong>“</strong></span> <span class='ocrx_word' id='word_1_128' title='bbox 1083 2904 1127 2975; x_wconf 88' lang='lat' dir='ltr'>C.</span> <span class='ocrx_word' id='word_1_129' title='bbox 1142 2906 1226 2978; x_wconf 85' lang='lat' dir='ltr'>Cae-</span> 
     </span>
     <span class='ocr_line' id='line_1_21' title="bbox 239 3018 1225 3115; baseline 0.009 -26"><span class='ocrx_word' id='word_1_130' title='bbox 239 3018 390 3090; x_wconf 88' lang='lat' dir='ltr'>“sarem</span> <span class='ocrx_word' id='word_1_131' title='bbox 416 3024 507 3115; x_wconf 75' lang='lat' dir='ltr'>quasi</span> <span class='ocrx_word' id='word_1_132' title='bbox 529 3020 662 3092; x_wconf 87' lang='lat' dir='ltr'>incestae</span> <span class='ocrx_word' id='word_1_133' title='bbox 680 3020 889 3110; x_wconf 80' lang='lat' dir='ltr'>virilitatis,&#39;&#39;</span> <span class='ocrx_word' id='word_1_134' title='bbox 921 3022 1054 3092; x_wconf 76' lang='lat' dir='ltr'>&amp;clrm</span> <span class='ocrx_word' id='word_1_135' title='bbox 1080 3021 1141 3093; x_wconf 91' lang='lat' dir='ltr'>die</span> <span class='ocrx_word' id='word_1_136' title='bbox 1161 3051 1225 3099; x_wconf 88' lang='lat' dir='ltr'>na-</span> 
     </span>
     <span class='ocr_line' id='line_1_22' title="bbox 239 3139 1227 3235; baseline 0.006 -26"><span class='ocrx_word' id='word_1_137' title='bbox 239 3141 296 3210; x_wconf 87' lang='lat' dir='ltr'>tali</span> <span class='ocrx_word' id='word_1_138' title='bbox 329 3140 494 3235; x_wconf 78' lang='lat' dir='ltr'>Augusta</span> <span class='ocrx_word' id='word_1_139' title='bbox 513 3139 600 3210; x_wconf 89' lang='lat' dir='ltr'>iuter</span> <span class='ocrx_word' id='word_1_140' title='bbox 632 3141 819 3212; x_wconf 84' lang='lat' dir='ltr'>sacerdotes</span> <span class='ocrx_word' id='word_1_141' title='bbox 841 3142 1046 3235; x_wconf 88' lang='lat' dir='ltr'>epularetur,</span> <span class='ocrx_word' id='word_1_142' title='bbox 1078 3143 1227 3215; x_wconf 64' lang='lat' dir='ltr'>Maem-</span> 
     </span>
     <span class='ocr_line' id='line_1_23' title="bbox 234 3258 1229 3355; baseline 0.013 -29"><span class='ocrx_word' id='word_1_143' title='bbox 234 3260 346 3327; x_wconf 80' lang='lat' dir='ltr'>dialem</span> <span class='ocrx_word' id='word_1_144' title='bbox 365 3286 439 3329; x_wconf 85' lang='lat' dir='ltr'>eam</span> <span class='ocrx_word' id='word_1_145' title='bbox 458 3285 588 3331; x_wconf 81' lang='lat' dir='ltr'>canam</span> <span class='ocrx_word' id='word_1_146' title='bbox 606 3258 750 3330; x_wconf 82' lang='lat' dir='ltr'>dixisse:</span> <span class='ocrx_word' id='word_1_147' title='bbox 773 3259 983 3354; x_wconf 86' lang='lat' dir='ltr'>querensque</span> <span class='ocrx_word' id='word_1_148' title='bbox 1000 3260 1045 3330; x_wconf 90' lang='lat' dir='ltr'>de</span> <span class='ocrx_word' id='word_1_149' title='bbox 1061 3265 1229 3355; x_wconf 61' lang='lat' dir='ltr'>potenti&amp;</span> 
     </span>
     <span class='ocr_line' id='line_1_24' title="bbox 236 3377 1227 3474; baseline 0.009 -25"><span class='ocrx_word' id='word_1_150' title='bbox 236 3381 293 3449; x_wconf 82' lang='lat' dir='ltr'>M.</span> <span class='ocrx_word' id='word_1_151' title='bbox 319 3377 462 3472; x_wconf 89' lang='lat' dir='ltr'>Lepidi,</span> <span class='ocrx_word' id='word_1_152' title='bbox 488 3404 527 3448; x_wconf 86' lang='lat' dir='ltr'>ac</span> <span class='ocrx_word' id='word_1_153' title='bbox 544 3381 588 3448; x_wconf 92' lang='lat' dir='ltr'>L.</span> <span class='ocrx_word' id='word_1_154' title='bbox 614 3378 784 3465; x_wconf 88' lang='lat' dir='ltr'>Arruntii,</span> <span class='ocrx_word' id='word_1_155' title='bbox 816 3404 896 3450; x_wconf 93' lang='lat' dir='ltr'>cum</span> <span class='ocrx_word' id='word_1_156' title='bbox 924 3378 1049 3474; x_wconf 89' lang='lat' dir='ltr'>quibus</span> <span class='ocrx_word' id='word_1_157' title='bbox 1066 3381 1116 3451; x_wconf 92' lang='lat' dir='ltr'>ob</span> <span class='ocrx_word' id='word_1_158' title='bbox 1142 3408 1227 3458; x_wconf 91' lang='lat' dir='ltr'>rem</span> 
     </span>
     <span class='ocr_line' id='line_1_25' title="bbox 238 3495 1228 3596; baseline -0.002 -30"><span class='ocrx_word' id='word_1_159' title='bbox 238 3496 473 3591; x_wconf 85' lang='lat' dir='ltr'>pecuniariam</span> <span class='ocrx_word' id='word_1_160' title='bbox 508 3495 732 3592; x_wconf 88' lang='lat' dir='ltr'>disceptabat,</span> <span class='ocrx_word' id='word_1_161' title='bbox 770 3497 948 3586; x_wconf 85' lang='lat' dir='ltr'>addidisse,</span> <span class='ocrx_word' id='word_1_162' title='bbox 983 3497 1108 3569; x_wconf 90' lang='lat' dir='ltr'>“illos</span> <span class='ocrx_word' id='word_1_163' title='bbox 1139 3505 1228 3596; x_wconf 89' lang='lat' dir='ltr'>qui.</span> 
     </span>
     <span class='ocr_line' id='line_1_26' title="bbox 238 3614 1235 3702; baseline 0.014 -19"><span class='ocrx_word' id='word_1_164' title='bbox 238 3622 264 3654; x_wconf 89' lang='lat'><strong>“</strong></span> <span class='ocrx_word' id='word_1_165' title='bbox 284 3616 364 3684; x_wconf 90' lang='lat' dir='ltr'>dem</span> <span class='ocrx_word' id='word_1_166' title='bbox 399 3614 545 3702; x_wconf 87' lang='lat' dir='ltr'>senatus,</span> <span class='ocrx_word' id='word_1_167' title='bbox 588 3641 643 3686; x_wconf 86' lang='lat' dir='ltr'>me</span> <span class='ocrx_word' id='word_1_168' title='bbox 685 3637 799 3687; x_wconf 86' lang='lat' dir='ltr'>autem</span> <span class='ocrx_word' id='word_1_169' title='bbox 834 3616 985 3688; x_wconf 91' lang='lat' dir='ltr'>tuebitur</span> <span class='ocrx_word' id='word_1_170' title='bbox 1016 3616 1235 3697; x_wconf 86' lang='lat' dir='ltr'>Tiberiolus-</span> 
     </span>
     <span class='ocr_line' id='line_1_27' title="bbox 236 3736 1233 3830; baseline 0.013 -27"><span class='ocrx_word' id='word_1_171' title='bbox 236 3742 263 3775; x_wconf 89' lang='lat'><strong>“</strong></span> <span class='ocrx_word' id='word_1_172' title='bbox 284 3737 431 3805; x_wconf 85' lang='lat' dir='ltr'>meus:”</span> <span class='ocrx_word' id='word_1_173' title='bbox 466 3760 577 3829; x_wconf 86' lang='lat' dir='ltr'>neque</span> <span class='ocrx_word' id='word_1_174' title='bbox 616 3739 739 3807; x_wconf 72' lang='lat' dir='ltr'>cunda</span> <span class='ocrx_word' id='word_1_175' title='bbox 773 3761 792 3806; x_wconf 89' lang='lat' dir='ltr'>a</span> <span class='ocrx_word' id='word_1_176' title='bbox 827 3736 1033 3830; x_wconf 88' lang='lat' dir='ltr'>primoribus</span> <span class='ocrx_word' id='word_1_177' title='bbox 1066 3737 1233 3816; x_wconf 86' lang='lat' dir='ltr'>civitatis</span> 
     </span>
     <span class='ocr_line' id='line_1_28' title="bbox 232 3851 1228 3949; baseline 0.009 -27"><span class='ocrx_word' id='word_1_178' title='bbox 232 3853 493 3938; x_wconf 81' lang='lat' dir='ltr'>revincebatur3</span> <span class='ocrx_word' id='word_1_179' title='bbox 529 3851 633 3948; x_wconf 83' lang='lat' dir='ltr'>iisque</span> <span class='ocrx_word' id='word_1_180' title='bbox 656 3854 869 3940; x_wconf 81' lang='lat' dir='ltr'>instantibus,</span> <span class='ocrx_word' id='word_1_181' title='bbox 903 3859 945 3924; x_wconf 92' lang='lat' dir='ltr'>ad</span> <span class='ocrx_word' id='word_1_182' title='bbox 963 3857 1228 3949; x_wconf 85' lang='lat' dir='ltr'>Imperatorem</span> 
     </span>
     <span class='ocr_line' id='line_1_29' title="bbox 235 3970 1227 4071; baseline 0.014 -33"><span class='ocrx_word' id='word_1_183' title='bbox 235 3970 451 4063; x_wconf 79' lang='lat' dir='ltr'>provocavit.</span> <span class='ocrx_word' id='word_1_184' title='bbox 501 3974 579 4043; x_wconf 90' lang='lat' dir='ltr'>Nec</span> <span class='ocrx_word' id='word_1_185' title='bbox 610 3972 722 4044; x_wconf 74' lang='lat' dir='ltr'>multo</span> <span class='ocrx_word' id='word_1_186' title='bbox 752 3973 829 4070; x_wconf 79' lang='lat' dir='ltr'>post</span> <span class='ocrx_word' id='word_1_187' title='bbox 856 3973 962 4046; x_wconf 71' lang='lat' dir='ltr'>literas</span> <span class='ocrx_word' id='word_1_188' title='bbox 991 3972 1227 4071; x_wconf 82' lang='lat' dir='ltr'>adseruntur,</span> 
     </span>
    </p>
   </div>
   <div class='ocr_carea' id='block_1_3' title="bbox 0 0 1474 5146">
    <p class='ocr_par' dir='ltr' id='par_1_4' title="bbox 0 0 1474 5146">
     <span class='ocr_line' id='line_1_30' title="bbox 0 0 1474 5146; baseline 0 3"><span class='ocrx_word' id='word_1_189' title='bbox 0 0 1474 5146; x_wconf 95' lang='lat' dir='ltr'> </span> 
     </span>
    </p>
   </div>
  </div>
 </body>
</html>
