2986 5138
388 573 693 647 Annxrrun
727 575 836 648 Lrn.
870 576 930 649 VI.
1102 602 1171 677 293

251 739 386 814 XXIV.
412 747 523 840 Qun
542 749 575 817 δι
594 743 748 817 ἰηνεέὶυε
766 743 801 815 in
818 742 1034 831 desunstum,
1049 749 1076 785 “
1090 768 1172 839 pro·

207 863 234 900 “
253 861 315 931 bra
331 861 495 957 corporis,
514 862 726 936 exitiabilem
743 863 781 933 in
798 859 889 951 suos,
912 857 1082 932 insensum
1106 860 1171 932 rei·

201 982 229 1020 “
247 979 397 1074 publicae
415 980 594 1053 animum”
616 980 763 1080 objecit:
790 978 1031 1074 “recitarique
1060 977 1169 1051 sado·

201 1103 231 1138 “
247 1123 327 1170 rum
341 1098 584 1198 dislorumque
600 1099 671 1198 ejus
688 1097 854 1196 descripta
871 1124 932 1195 per
946 1096 1044 1169 dies'’
1055 1095 1167 1194 jussit:

201 1240 273 1311 quo
302 1243 372 1289 non
400 1217 493 1291 aliud
521 1219 672 1291 atrocius
689 1216 825 1290 visum:
849 1216 1007 1289 adstitisse
1034 1235 1087 1287 tot
1111 1241 1171 1311 per

199 1351 321 1425 annos,
334 1337 394 1432 qui
412 1338 562 1426 vultum,
581 1336 744 1434 gemitus,
762 1336 937 1408 occultum
954 1334 1059 1406 etiam
1074 1359 1170 1406 mur·

200 1479 279 1525 mur
295 1455 505 1551 exciperent,
529 1460 562 1529 δι
592 1455 737 1552 potuisse
752 1480 860 1526 avum
876 1453 1008 1543 audire,
1042 1454 1168 1550 legere,

198 1570 236 1642 in
255 1573 435 1668 publicum
454 1599 625 1671 promere,
654 1573 716 1647 vix
733 1574 842 1658 fides3
878 1571 938 1646 nisi
957 1572 1053 1669 quod
1070 1571 1165 1645 Attii

200 1691 421 1782 centurionis,
451 1698 485 1766 sc
504 1692 651 1789 Didymi
667 1690 779 1764 liberti
795 1691 963 1788 epistole,
992 1690 1169 1764 servorum

200 1808 342 1882 nomina
376 1808 617 1907 praeferebant,
641 1831 680 1883 ut
705 1810 782 1907 quis
813 1810 1046 1908 egredientem
1069 1809 1168 1883 cubi·

200 1928 281 1999 culo
299 1926 450 2001 Drusum
476 1927 677 2026 pulsaverat,
706 1948 921 2002 exterruerat.
972 1929 1089 2001 Etiam
1110 1926 1169 2003 sua

199 2050 306 2120 verba
321 2047 488 2138 centurio,
523 2044 656 2121 saevitiae
675 2048 791 2144 plena,
819 2068 1000 2145 tamquam
1033 2047 1168 2145 egregi·

198 2193 275 2256 um,
306 2163 476 2265 vocesque
503 2166 694 2240 deficientis
727 2165 907 2264 adjecerat,
946 2166 1025 2263 quis
1054 2164 1168 2261 primo

198 2286 439 2359 alienationem
458 2286 580 2361 mentis
598 2288 772 2375 simulans,
791 2290 885 2381 quasi
914 2310 973 2382 per
997 2284 1168 2357 dementi·

197 2431 269 2495 am,
298 2404 431 2483 funesta
445 2406 605 2495 Tiberio,
640 2431 726 2479 mox
749 2405 811 2480 ubi
836 2405 956 2502 exspes
981 2403 1061 2477 vitae
1086 2403 1166 2495 fuit,

197 2524 390 2616 meditatas,
404 2524 675 2622 compositasque
691 2524 778 2597 diras
795 2523 1068 2621 imprecabatur:
1090 2532 1167 2598 “ut

198 2644 544 2738 “quemadmodum
574 2670 714 2734 nurum,
750 2643 932 2740 filiumque
959 2641 1084 2733 fratris,
1132 2649 1165 2719 δι

198 2767 225 2802 “
245 2782 401 2856 nepotes,
425 2762 642 2857 domumque
670 2787 812 2840 omnem
842 2761 995 2836 caedibus
1011 2764 1166 2861 comple·
1213 2806 1215 2810 ι

197 2886 224 2923 “
243 2878 366 2966 visset3
394 2877 441 2953 ita
467 2904 588 2975 poenas
605 2879 738 2951 nomini
766 2880 954 2976 generique
981 2880 1164 2979 majorum,

197 3005 223 3045 “
244 3002 277 3075 δι
297 2996 436 3095 posteris
453 2997 930 3072 exsolveret.”Obturbabant
946 2999 1089 3097 quidem
1102 3028 1163 3098 pa·

195 3138 276 3206 tres,
306 3117 416 3214 specie
437 3117 650 3191 detestandi:
677 3116 734 3188 sed
763 3120 964 3213 penetrabat
982 3145 1101 3214 pavor,
1131 3125 1165 3194 ὃς

195 3237 392 3325 admiratio,
423 3237 588 3309 callidum
620 3236 705 3309 olim
734 3240 769 3309 ’δι
797 3236 954 3333 tegendis
985 3236 1164 3312 sceleribus

195 3354 395 3444 obscurum,
414 3357 482 3428 huc
499 3354 718 3428 confidentiae
736 3354 878 3443 venisse,
901 3374 954 3444 ut,
982 3374 1164 3453 tamquam

194 3473 344 3547 demotis
373 3474 571 3571 parietibus,
606 3473 797 3546 ostenderet
826 3496 990 3571 nepotem
1007 3472 1070 3546 sub
1087 3500 1163 3548 ver·

194 3599 274 3669 bere
302 3593 525 3682 centurionis,
561 3593 648 3666 inter
672 3592 848 3665 servorum
876 3592 978 3684 idus,
1012 3614 1164 3672 extrema

193 3713 273 3786 vitre
298 3712 461 3785 alimenta
485 3710 609 3784 frustra
632 3731 800 3788 orantem.

242 3833 359 3905 XXV.
384 3833 565 3904 Nouounr
596 3830 623 3902 is
650 3828 749 3900 dolor
773 3833 984 3921 exoleverat,
1014 3833 1095 3906 citm
1117 3835 1162 3914 de

195 3948 390 4051 Agrippina
407 3949 579 4042 auditum,
604 3973 726 4047 quam,
750 3948 927 4028 interfecto
943 3947 1078 4054 Sejano,
1103 3951 1161 4055 spe
