<?xml version="1.0" encoding="UTF-8"?>
<!DOCTYPE html PUBLIC "-//W3C//DTD XHTML 1.0 Transitional//EN"
    "http://www.w3.org/TR/xhtml1/DTD/xhtml1-transitional.dtd">
<html xmlns="http://www.w3.org/1999/xhtml" xml:lang="en" lang="en">
 <head>
  <title>
</title>
<meta http-equiv="Content-Type" content="text/html;charset=utf-8" />
  <meta name='ocr-system' content='tesseract 3.04.00' />
  <meta name='ocr-capabilities' content='ocr_page ocr_carea ocr_par ocr_line ocrx_word'/>
</head>
<body>
  <div class='ocr_page' id='page_1' title='image "./ccorneliitaciti03ernegoog_0025.png"; bbox 0 0 2986 5138; ppageno 0'>
   <div class='ocr_carea' id='block_1_1' title="bbox 259 566 309 640">
    <p class='ocr_par' dir='ltr' id='par_1_1' title="bbox 259 566 309 640">
     <span class='ocr_line' id='line_1_1' title="bbox 259 566 309 640; baseline 0 -60"><span class='ocrx_word' id='word_1_1' title='bbox 259 566 309 640; x_wconf 59' lang='lat' dir='ltr'>xii</span> 
     </span>
    </p>
   </div>
   <div class='ocr_carea' id='block_1_2' title="bbox 255 733 1233 1661">
    <p class='ocr_par' dir='ltr' id='par_1_2' title="bbox 255 733 1233 1661">
     <span class='ocr_line' id='line_1_2' title="bbox 257 733 1230 833; baseline -0.001 -25"><span class='ocrx_word' id='word_1_2' title='bbox 257 734 468 809; x_wconf 87' lang='lat' dir='ltr'>eNlediceo</span> <span class='ocrx_word' id='word_1_3' title='bbox 496 733 624 825; x_wconf 77' lang='lat' dir='ltr'>sumsit,</span> <span class='ocrx_word' id='word_1_4' title='bbox 654 733 761 833; x_wconf 88' lang='lat' dir='ltr'>usque</span> <span class='ocrx_word' id='word_1_5' title='bbox 777 735 822 810; x_wconf 92' lang='lat' dir='ltr'>ad</span> <span class='ocrx_word' id='word_1_6' title='bbox 838 733 1011 832; x_wconf 84' lang='lat' dir='ltr'>Lipsrum,</span> <span class='ocrx_word' id='word_1_7' title='bbox 1045 755 1066 805; x_wconf 89' lang='lat' dir='ltr'>a</span> <span class='ocrx_word' id='word_1_8' title='bbox 1092 756 1164 829; x_wconf 94' lang='lat' dir='ltr'>quo</span> <span class='ocrx_word' id='word_1_9' title='bbox 1192 734 1230 807; x_wconf 89' lang='lat' dir='ltr'>C.</span> 
     </span>
     <span class='ocr_line' id='line_1_3' title="bbox 257 851 1232 950; baseline 0.002 -25"><span class='ocrx_word' id='word_1_10' title='bbox 257 879 458 950; x_wconf 80' lang='lat' dir='ltr'>praenomen</span> <span class='ocrx_word' id='word_1_11' title='bbox 487 851 706 927; x_wconf 88' lang='lat' dir='ltr'>substitutum</span> <span class='ocrx_word' id='word_1_12' title='bbox 739 854 802 943; x_wconf 86' lang='lat' dir='ltr'>est,</span> <span class='ocrx_word' id='word_1_13' title='bbox 844 856 984 927; x_wconf 75' lang='lat' dir='ltr'>auctore</span> <span class='ocrx_word' id='word_1_14' title='bbox 1027 855 1232 927; x_wconf 70' lang='lat' dir='ltr'>Far-nefiano</span> 
     </span>
     <span class='ocr_line' id='line_1_4' title="bbox 256 971 1232 1069; baseline 0.001 -26"><span class='ocrx_word' id='word_1_15' title='bbox 256 971 361 1060; x_wconf 81' lang='lat' dir='ltr'><strong>libre,</strong></span> <span class='ocrx_word' id='word_1_16' title='bbox 388 971 586 1044; x_wconf 89' lang='lat' dir='ltr'>&amp;Sidonio</span> <span class='ocrx_word' id='word_1_17' title='bbox 613 972 820 1069; x_wconf 85' lang='lat' dir='ltr'><strong>Apollinari.</strong></span> <span class='ocrx_word' id='word_1_18' title='bbox 870 972 970 1045; x_wconf 89' lang='lat' dir='ltr'>Idem</span> <span class='ocrx_word' id='word_1_19' title='bbox 992 971 1096 1045; x_wconf 89' lang='lat' dir='ltr'>etiam</span> <span class='ocrx_word' id='word_1_20' title='bbox 1119 971 1232 1068; x_wconf 89' lang='lat' dir='ltr'>reperi</span> 
     </span>
     <span class='ocr_line' id='line_1_5' title="bbox 255 1088 1233 1187; baseline -0.001 -26"><span class='ocrx_word' id='word_1_21' title='bbox 255 1090 293 1162; x_wconf 91' lang='lat' dir='ltr'>in</span> <span class='ocrx_word' id='word_1_22' title='bbox 322 1090 549 1187; x_wconf 87' lang='lat' dir='ltr'>antiquiffima</span> <span class='ocrx_word' id='word_1_23' title='bbox 565 1090 716 1163; x_wconf 89' lang='lat' dir='ltr'>editione</span> <span class='ocrx_word' id='word_1_24' title='bbox 732 1090 810 1165; x_wconf 89' lang='lat' dir='ltr'>libri</span> <span class='ocrx_word' id='word_1_25' title='bbox 826 1091 871 1163; x_wconf 92' lang='lat' dir='ltr'>de</span> <span class='ocrx_word' id='word_1_26' title='bbox 887 1088 1073 1163; x_wconf 83' lang='lat' dir='ltr'>Germania</span> <span class='ocrx_word' id='word_1_27' title='bbox 1088 1128 1233 1144; x_wconf 93' lang='lat'>--</span> 
     </span>
     <span class='ocr_line' id='line_1_6' title="bbox 256 1207 1231 1303; baseline 0 -21"><span class='ocrx_word' id='word_1_28' title='bbox 256 1238 521 1295; x_wconf 87' lang='lat'><strong>·---—-;</strong></span> <span class='ocrx_word' id='word_1_29' title='bbox 548 1210 641 1283; x_wconf 92' lang='lat' dir='ltr'>unde</span> <span class='ocrx_word' id='word_1_30' title='bbox 673 1209 751 1284; x_wconf 88' lang='lat' dir='ltr'>sane</span> <span class='ocrx_word' id='word_1_31' title='bbox 780 1209 990 1282; x_wconf 85' lang='lat' dir='ltr'>firmamenti</span> <span class='ocrx_word' id='word_1_32' title='bbox 1017 1207 1152 1303; x_wconf 87' lang='lat' dir='ltr'>aliquid</span> <span class='ocrx_word' id='word_1_33' title='bbox 1173 1235 1231 1282; x_wconf 90' lang='lat' dir='ltr'>ac-</span> 
     </span>
     <span class='ocr_line' id='line_1_7' title="bbox 255 1326 1231 1426; baseline 0 -25"><span class='ocrx_word' id='word_1_34' title='bbox 255 1330 348 1402; x_wconf 89' lang='lat' dir='ltr'>cedit</span> <span class='ocrx_word' id='word_1_35' title='bbox 365 1329 536 1426; x_wconf 83' lang='lat' dir='ltr'>Lipsranae</span> <span class='ocrx_word' id='word_1_36' title='bbox 549 1328 680 1401; x_wconf 87' lang='lat' dir='ltr'>rationi.</span> <span class='ocrx_word' id='word_1_37' title='bbox 732 1331 773 1401; x_wconf 92' lang='lat' dir='ltr'>In</span> <span class='ocrx_word' id='word_1_38' title='bbox 791 1327 1039 1423; x_wconf 86' lang='lat' dir='ltr'>ed.Spitens1s,</span> <span class='ocrx_word' id='word_1_39' title='bbox 1063 1326 1231 1423; x_wconf 86' lang='lat' dir='ltr'>incapite</span> 
     </span>
     <span class='ocr_line' id='line_1_8' title="bbox 255 1443 1229 1542; baseline -0.001 -22"><span class='ocrx_word' id='word_1_40' title='bbox 255 1447 464 1536; x_wconf 77' lang='lat' dir='ltr'>Germaniae,</span> <span class='ocrx_word' id='word_1_41' title='bbox 494 1450 527 1518; x_wconf 72' lang='lat' dir='ltr'>a</span> <span class='ocrx_word' id='word_1_42' title='bbox 544 1447 737 1537; x_wconf 85' lang='lat' dir='ltr'>Puteolani,</span> <span class='ocrx_word' id='word_1_43' title='bbox 760 1450 838 1520; x_wconf 85' lang='lat' dir='ltr'>MS.</span> <span class='ocrx_word' id='word_1_44' title='bbox 851 1443 968 1520; x_wconf 88' lang='lat' dir='ltr'>Guelf.</span> <span class='ocrx_word' id='word_1_45' title='bbox 987 1446 1123 1518; x_wconf 90' lang='lat' dir='ltr'>nullum</span> <span class='ocrx_word' id='word_1_46' title='bbox 1141 1471 1229 1542; x_wconf 86' lang='lat' dir='ltr'>prae-</span> 
     </span>
     <span class='ocr_line' id='line_1_9' title="bbox 255 1563 1232 1661; baseline -0.002 -22"><span class='ocrx_word' id='word_1_47' title='bbox 255 1592 384 1639; x_wconf 91' lang='lat' dir='ltr'>nomen</span> <span class='ocrx_word' id='word_1_48' title='bbox 402 1566 598 1661; x_wconf 84' lang='lat' dir='ltr'>exprellum</span> <span class='ocrx_word' id='word_1_49' title='bbox 615 1565 675 1637; x_wconf 86' lang='lat' dir='ltr'>est.</span> <span class='ocrx_word' id='word_1_50' title='bbox 728 1563 846 1637; x_wconf 88' lang='lat' dir='ltr'>Etiam</span> <span class='ocrx_word' id='word_1_51' title='bbox 862 1564 1027 1638; x_wconf 92' lang='lat' dir='ltr'>librorum</span> <span class='ocrx_word' id='word_1_52' title='bbox 1051 1590 1123 1637; x_wconf 90' lang='lat' dir='ltr'>non</span> <span class='ocrx_word' id='word_1_53' title='bbox 1146 1590 1232 1638; x_wconf 92' lang='lat' dir='ltr'>eun-</span> 
     </span>
    </p>
   </div>
   <div class='ocr_carea' id='block_1_3' title="bbox 256 1681 1347 1782">
    <p class='ocr_par' dir='ltr' id='par_1_3' title="bbox 256 1681 1347 1782">
     <span class='ocr_line' id='line_1_10' title="bbox 256 1681 1347 1782; baseline 0 -26"><span class='ocrx_word' id='word_1_54' title='bbox 256 1685 339 1757; x_wconf 91' lang='lat' dir='ltr'>dem</span> <span class='ocrx_word' id='word_1_55' title='bbox 356 1709 538 1756; x_wconf 90' lang='lat' dir='ltr'>numerum</span> <span class='ocrx_word' id='word_1_56' title='bbox 556 1684 704 1756; x_wconf 88' lang='lat' dir='ltr'>Codices</span> <span class='ocrx_word' id='word_1_57' title='bbox 721 1681 860 1756; x_wconf 83' lang='lat' dir='ltr'>faciunt.</span> <span class='ocrx_word' id='word_1_58' title='bbox 912 1682 1047 1782; x_wconf 86' lang='lat' dir='ltr'>Viginti</span> <span class='ocrx_word' id='word_1_59' title='bbox 1070 1683 1140 1773; x_wconf 89' lang='lat' dir='ltr'>alii,</span> <span class='ocrx_word' id='word_1_60' title='bbox 1171 1683 1231 1757; x_wconf 85' lang='lat' dir='ltr'>alii</span> <span class='ocrx_word' id='word_1_61' title='bbox 1345 1715 1347 1718; x_wconf 93' lang='lat'>·</span> 
     </span>
    </p>
   </div>
   <div class='ocr_carea' id='block_1_4' title="bbox 252 1801 1232 4035">
    <p class='ocr_par' dir='ltr' id='par_1_4' title="bbox 252 1801 1232 4035">
     <span class='ocr_line' id='line_1_11' title="bbox 254 1801 1232 1901; baseline 0 -25"><span class='ocrx_word' id='word_1_62' title='bbox 254 1830 366 1877; x_wconf 92' lang='lat' dir='ltr'>unum</span> <span class='ocrx_word' id='word_1_63' title='bbox 384 1808 417 1876; x_wconf 63' lang='grc' dir='ltr'>ὃς</span> <span class='ocrx_word' id='word_1_64' title='bbox 434 1801 572 1901; x_wconf 84' lang='lat' dir='ltr'>viginti.</span> <span class='ocrx_word' id='word_1_65' title='bbox 623 1801 704 1874; x_wconf 91' lang='lat' dir='ltr'>Vidi</span> <span class='ocrx_word' id='word_1_66' title='bbox 722 1801 827 1875; x_wconf 86' lang='lat' dir='ltr'>etiam</span> <span class='ocrx_word' id='word_1_67' title='bbox 852 1801 1019 1875; x_wconf 90' lang='lat' dir='ltr'>Codicem</span> <span class='ocrx_word' id='word_1_68' title='bbox 1045 1802 1232 1876; x_wconf 86' lang='lat' dir='ltr'>memorari</span> 
     </span>
     <span class='ocr_line' id='line_1_12' title="bbox 255 1919 1232 2018; baseline -0.001 -22"><span class='ocrx_word' id='word_1_69' title='bbox 255 1921 550 2010; x_wconf 88' lang='lat' dir='ltr'>Montefalconio,</span> <span class='ocrx_word' id='word_1_70' title='bbox 582 1921 643 2018; x_wconf 92' lang='lat' dir='ltr'>qui</span> <span class='ocrx_word' id='word_1_71' title='bbox 660 1919 880 2018; x_wconf 84' lang='lat' dir='ltr'>undeviginti</span> <span class='ocrx_word' id='word_1_72' title='bbox 908 1938 1043 1993; x_wconf 88' lang='lat' dir='ltr'>tantum</span> <span class='ocrx_word' id='word_1_73' title='bbox 1072 1931 1232 1995; x_wconf 80' lang='lat' dir='ltr'>numera·</span> 
     </span>
     <span class='ocr_line' id='line_1_13' title="bbox 255 2027 1231 2136; baseline 0.001 -22"><span class='ocrx_word' id='word_1_74' title='bbox 255 2061 317 2115; x_wconf 87' lang='lat' dir='ltr'>ret.</span> <span class='ocrx_word' id='word_1_75' title='bbox 367 2043 492 2114; x_wconf 84' lang='lat' dir='ltr'>Cauffa</span> <span class='ocrx_word' id='word_1_76' title='bbox 508 2039 708 2112; x_wconf 78' lang='lat' dir='ltr'>diversitatis</span> <span class='ocrx_word' id='word_1_77' title='bbox 735 2039 796 2128; x_wconf 90' lang='lat' dir='ltr'>est,</span> <span class='ocrx_word' id='word_1_78' title='bbox 827 2039 922 2136; x_wconf 89' lang='lat' dir='ltr'>quod</span> <span class='ocrx_word' id='word_1_79' title='bbox 945 2027 1102 2112; x_wconf 91' lang='lat' dir='ltr'>nonnulli</span> <span class='ocrx_word' id='word_1_80' title='bbox 1126 2041 1231 2115; x_wconf 91' lang='lat' dir='ltr'>libro·</span> 
     </span>
     <span class='ocr_line' id='line_1_14' title="bbox 255 2156 1231 2256; baseline 0.002 -24"><span class='ocrx_word' id='word_1_81' title='bbox 255 2186 348 2247; x_wconf 91' lang='lat' dir='ltr'>rum,</span> <span class='ocrx_word' id='word_1_82' title='bbox 375 2159 435 2256; x_wconf 94' lang='lat' dir='ltr'>qui</span> <span class='ocrx_word' id='word_1_83' title='bbox 453 2183 546 2231; x_wconf 90' lang='lat' dir='ltr'>nunc</span> <span class='ocrx_word' id='word_1_84' title='bbox 563 2156 799 2231; x_wconf 86' lang='lat' dir='ltr'>Historiarum</span> <span class='ocrx_word' id='word_1_85' title='bbox 817 2179 996 2249; x_wconf 89' lang='lat' dir='ltr'>vocantur,</span> <span class='ocrx_word' id='word_1_86' title='bbox 1027 2159 1177 2256; x_wconf 91' lang='lat' dir='ltr'>primum</span> <span class='ocrx_word' id='word_1_87' title='bbox 1195 2164 1231 2234; x_wconf 73' lang='grc' dir='ltr'>δε</span> 
     </span>
     <span class='ocr_line' id='line_1_15' title="bbox 254 2273 1232 2376; baseline 0.002 -25"><span class='ocrx_word' id='word_1_88' title='bbox 254 2277 445 2351; x_wconf 91' lang='lat' dir='ltr'>secundum</span> <span class='ocrx_word' id='word_1_89' title='bbox 470 2273 703 2373; x_wconf 88' lang='lat' dir='ltr'>conjungunt,</span> <span class='ocrx_word' id='word_1_90' title='bbox 732 2297 771 2349; x_wconf 93' lang='lat' dir='ltr'>ut</span> <span class='ocrx_word' id='word_1_91' title='bbox 792 2277 1107 2373; x_wconf 85' lang='lat' dir='ltr'>Guelferbytanus:</span> <span class='ocrx_word' id='word_1_92' title='bbox 1135 2281 1232 2376; x_wconf 92' lang='lat' dir='ltr'>quod</span> 
     </span>
     <span class='ocr_line' id='line_1_16' title="bbox 254 2394 1229 2487; baseline 0 -17"><span class='ocrx_word' id='word_1_93' title='bbox 254 2395 440 2470; x_wconf 85' lang='lat' dir='ltr'>servant&amp;</span> <span class='ocrx_word' id='word_1_94' title='bbox 470 2394 551 2467; x_wconf 86' lang='lat' dir='ltr'>edd.</span> <span class='ocrx_word' id='word_1_95' title='bbox 572 2398 693 2468; x_wconf 89' lang='lat' dir='ltr'>Franc.</span> <span class='ocrx_word' id='word_1_96' title='bbox 724 2396 919 2486; x_wconf 84' lang='lat' dir='ltr'>Puteolani,</span> <span class='ocrx_word' id='word_1_97' title='bbox 949 2398 1118 2487; x_wconf 89' lang='lat' dir='ltr'>Beroaldi,</span> <span class='ocrx_word' id='word_1_98' title='bbox 1142 2401 1229 2471; x_wconf 90' lang='lat' dir='ltr'>Fro-</span> 
     </span>
     <span class='ocr_line' id='line_1_17' title="bbox 255 2514 1232 2614; baseline 0.001 -25"><span class='ocrx_word' id='word_1_99' title='bbox 255 2514 350 2589; x_wconf 92' lang='lat' dir='ltr'>benii</span> <span class='ocrx_word' id='word_1_100' title='bbox 383 2539 416 2586; x_wconf 89' lang='lat' dir='ltr'>a.</span> <span class='ocrx_word' id='word_1_101' title='bbox 451 2537 553 2610; x_wconf 79' lang='lat'>1519·</span> <span class='ocrx_word' id='word_1_102' title='bbox 587 2514 635 2588; x_wconf 89' lang='lat' dir='ltr'>ita</span> <span class='ocrx_word' id='word_1_103' title='bbox 666 2534 798 2604; x_wconf 89' lang='lat' dir='ltr'>tamen,</span> <span class='ocrx_word' id='word_1_104' title='bbox 840 2536 876 2588; x_wconf 92' lang='lat' dir='ltr'>ut</span> <span class='ocrx_word' id='word_1_105' title='bbox 904 2516 1028 2588; x_wconf 84' lang='lat' dir='ltr'>lacuna</span> <span class='ocrx_word' id='word_1_106' title='bbox 1058 2520 1097 2589; x_wconf 79' lang='lat' dir='ltr'>sit</span> <span class='ocrx_word' id='word_1_107' title='bbox 1124 2542 1232 2614; x_wconf 85' lang='lat' dir='ltr'>parva</span> 
     </span>
     <span class='ocr_line' id='line_1_18' title="bbox 254 2631 1231 2732; baseline -0.001 -26"><span class='ocrx_word' id='word_1_108' title='bbox 254 2632 353 2706; x_wconf 90' lang='lat' dir='ltr'>initio</span> <span class='ocrx_word' id='word_1_109' title='bbox 370 2631 447 2706; x_wconf 85' lang='lat' dir='ltr'>libri</span> <span class='ocrx_word' id='word_1_110' title='bbox 474 2631 627 2722; x_wconf 91' lang='lat' dir='ltr'>secundi,</span> <span class='ocrx_word' id='word_1_111' title='bbox 658 2638 691 2706; x_wconf 75' lang='grc' dir='ltr'>δι</span> <span class='ocrx_word' id='word_1_112' title='bbox 707 2633 744 2705; x_wconf 91' lang='lat' dir='ltr'>in</span> <span class='ocrx_word' id='word_1_113' title='bbox 765 2636 835 2706; x_wconf 87' lang='lat' dir='ltr'>fine</span> <span class='ocrx_word' id='word_1_114' title='bbox 857 2633 1107 2731; x_wconf 83' lang='lat' dir='ltr'>subscriptum:</span> <span class='ocrx_word' id='word_1_115' title='bbox 1122 2638 1231 2732; x_wconf 81' lang='lat' dir='ltr'>septi-</span> 
     </span>
     <span class='ocr_line' id='line_1_19' title="bbox 255 2753 1230 2851; baseline 0.004 -27"><span class='ocrx_word' id='word_1_116' title='bbox 255 2754 453 2825; x_wconf 80' lang='lat' dir='ltr'>musdecimus</span> <span class='ocrx_word' id='word_1_117' title='bbox 470 2753 783 2824; x_wconf 73' lang='lat' dir='ltr'>&amp;octavusdecimus</span> <span class='ocrx_word' id='word_1_118' title='bbox 811 2754 922 2845; x_wconf 84' lang='lat' dir='ltr'>confufi</span> <span class='ocrx_word' id='word_1_119' title='bbox 932 2755 1029 2843; x_wconf 83' lang='lat' dir='ltr'>stmul</span> <span class='ocrx_word' id='word_1_120' title='bbox 1042 2758 1230 2851; x_wconf 81' lang='lat' dir='ltr'>expliciunt:</span> 
     </span>
     <span class='ocr_line' id='line_1_20' title="bbox 253 2870 1229 2969; baseline 0.006 -26"><span class='ocrx_word' id='word_1_121' title='bbox 253 2872 290 2943; x_wconf 77' lang='grc' dir='ltr'>δι</span> <span class='ocrx_word' id='word_1_122' title='bbox 307 2870 449 2969; x_wconf 90' lang='lat' dir='ltr'>sequens</span> <span class='ocrx_word' id='word_1_123' title='bbox 465 2871 550 2944; x_wconf 89' lang='lat' dir='ltr'>liber</span> <span class='ocrx_word' id='word_1_124' title='bbox 566 2873 733 2945; x_wconf 87' lang='lat' dir='ltr'>Xleus</span> <span class='ocrx_word' id='word_1_125' title='bbox 756 2871 903 2944; x_wconf 89' lang='lat' dir='ltr'>dicatur.</span> <span class='ocrx_word' id='word_1_126' title='bbox 955 2879 1011 2946; x_wconf 89' lang='lat' dir='ltr'>Ac</span> <span class='ocrx_word' id='word_1_127' title='bbox 1033 2873 1169 2948; x_wconf 84' lang='lat' dir='ltr'>fortaffe</span> <span class='ocrx_word' id='word_1_128' title='bbox 1193 2876 1229 2949; x_wconf 94' lang='lat' dir='ltr'>in</span> 
     </span>
     <span class='ocr_line' id='line_1_21' title="bbox 252 2990 1230 3090; baseline 0.004 -25"><span class='ocrx_word' id='word_1_129' title='bbox 252 2991 294 3065; x_wconf 92' lang='lat' dir='ltr'>iis</span> <span class='ocrx_word' id='word_1_130' title='bbox 311 2991 415 3080; x_wconf 89' lang='lat' dir='ltr'>libris,</span> <span class='ocrx_word' id='word_1_131' title='bbox 446 2991 505 3087; x_wconf 94' lang='lat' dir='ltr'>qui</span> <span class='ocrx_word' id='word_1_132' title='bbox 521 2991 610 3064; x_wconf 91' lang='lat' dir='ltr'>XIX</span> <span class='ocrx_word' id='word_1_133' title='bbox 629 3010 764 3063; x_wconf 84' lang='lat' dir='ltr'>tantum</span> <span class='ocrx_word' id='word_1_134' title='bbox 788 2991 967 3081; x_wconf 87' lang='lat' dir='ltr'>exhibent,</span> <span class='ocrx_word' id='word_1_135' title='bbox 992 2990 1230 3090; x_wconf 84' lang='lat' dir='ltr'>fragmentum</span> 
     </span>
     <span class='ocr_line' id='line_1_22' title="bbox 253 3107 1227 3208; baseline 0.004 -26"><span class='ocrx_word' id='word_1_136' title='bbox 253 3107 332 3183; x_wconf 89' lang='lat' dir='ltr'>libri</span> <span class='ocrx_word' id='word_1_137' title='bbox 358 3108 453 3181; x_wconf 88' lang='lat' dir='ltr'>Hist.</span> <span class='ocrx_word' id='word_1_138' title='bbox 482 3107 593 3205; x_wconf 91' lang='lat' dir='ltr'>quinti</span> <span class='ocrx_word' id='word_1_139' title='bbox 619 3110 759 3183; x_wconf 84' lang='lat' dir='ltr'>adhaesrt</span> <span class='ocrx_word' id='word_1_140' title='bbox 789 3131 925 3208; x_wconf 88' lang='lat' dir='ltr'>quarto,</span> <span class='ocrx_word' id='word_1_141' title='bbox 960 3132 1017 3184; x_wconf 91' lang='lat' dir='ltr'>aut</span> <span class='ocrx_word' id='word_1_142' title='bbox 1042 3113 1128 3186; x_wconf 88' lang='lat' dir='ltr'>alius</span> <span class='ocrx_word' id='word_1_143' title='bbox 1157 3114 1227 3188; x_wconf 88' lang='lat' dir='ltr'>alii.</span> 
     </span>
     <span class='ocr_line' id='line_1_23' title="bbox 253 3227 1227 3329; baseline 0.005 -28"><span class='ocrx_word' id='word_1_144' title='bbox 253 3229 345 3301; x_wconf 93' lang='lat' dir='ltr'>Illud</span> <span class='ocrx_word' id='word_1_145' title='bbox 363 3248 480 3301; x_wconf 90' lang='lat' dir='ltr'>autem</span> <span class='ocrx_word' id='word_1_146' title='bbox 507 3227 586 3300; x_wconf 89' lang='lat' dir='ltr'>hinc</span> <span class='ocrx_word' id='word_1_147' title='bbox 616 3229 718 3325; x_wconf 85' lang='lat' dir='ltr'>plane</span> <span class='ocrx_word' id='word_1_148' title='bbox 743 3229 963 3326; x_wconf 84' lang='lat' dir='ltr'>intelligitur,</span> <span class='ocrx_word' id='word_1_149' title='bbox 993 3230 1029 3303; x_wconf 90' lang='lat' dir='ltr'>in</span> <span class='ocrx_word' id='word_1_150' title='bbox 1054 3231 1227 3329; x_wconf 90' lang='lat' dir='ltr'>antiquio·</span> 
     </span>
     <span class='ocr_line' id='line_1_24' title="bbox 254 3345 1225 3446; baseline 0.001 -23"><span class='ocrx_word' id='word_1_151' title='bbox 254 3349 348 3424; x_wconf 88' lang='lat' dir='ltr'>tibus</span> <span class='ocrx_word' id='word_1_152' title='bbox 365 3345 460 3420; x_wconf 91' lang='lat' dir='ltr'>libris</span> <span class='ocrx_word' id='word_1_153' title='bbox 478 3349 609 3421; x_wconf 86' lang='lat' dir='ltr'>nullam</span> <span class='ocrx_word' id='word_1_154' title='bbox 627 3346 894 3446; x_wconf 91' lang='lat' dir='ltr'>inscriptionem,</span> <span class='ocrx_word' id='word_1_155' title='bbox 920 3352 1035 3426; x_wconf 86' lang='lat' dir='ltr'>nullos</span> <span class='ocrx_word' id='word_1_156' title='bbox 1060 3376 1225 3424; x_wconf 89' lang='lat' dir='ltr'>numeros</span> 
     </span>
     <span class='ocr_line' id='line_1_25' title="bbox 254 3466 1230 3565; baseline 0.003 -25"><span class='ocrx_word' id='word_1_157' title='bbox 254 3469 422 3542; x_wconf 89' lang='lat' dir='ltr'>librorum</span> <span class='ocrx_word' id='word_1_158' title='bbox 439 3466 550 3557; x_wconf 82' lang='lat' dir='ltr'>fuiffe,</span> <span class='ocrx_word' id='word_1_159' title='bbox 569 3487 608 3541; x_wconf 94' lang='lat' dir='ltr'>ut</span> <span class='ocrx_word' id='word_1_160' title='bbox 625 3467 661 3540; x_wconf 94' lang='lat' dir='ltr'>in</span> <span class='ocrx_word' id='word_1_161' title='bbox 673 3467 823 3541; x_wconf 89' lang='lat' dir='ltr'>editione</span> <span class='ocrx_word' id='word_1_162' title='bbox 839 3471 897 3562; x_wconf 89' lang='lat' dir='ltr'>Jo.</span> <span class='ocrx_word' id='word_1_163' title='bbox 915 3469 1086 3565; x_wconf 78' lang='lat' dir='ltr'>Spirensis.</span> <span class='ocrx_word' id='word_1_164' title='bbox 1125 3471 1230 3543; x_wconf 89' lang='lat' dir='ltr'>Forte</span> 
     </span>
     <span class='ocr_line' id='line_1_26' title="bbox 253 3586 1226 3684; baseline 0 -24"><span class='ocrx_word' id='word_1_165' title='bbox 253 3587 356 3660; x_wconf 90' lang='lat' dir='ltr'>etiam</span> <span class='ocrx_word' id='word_1_166' title='bbox 375 3586 554 3684; x_wconf 88' lang='lat' dir='ltr'>probabile</span> <span class='ocrx_word' id='word_1_167' title='bbox 577 3586 733 3661; x_wconf 87' lang='lat' dir='ltr'>videatur</span> <span class='ocrx_word' id='word_1_168' title='bbox 749 3588 937 3677; x_wconf 92' lang='lat' dir='ltr'>nonnullis,</span> <span class='ocrx_word' id='word_1_169' title='bbox 967 3586 1159 3660; x_wconf 91' lang='lat' dir='ltr'>discrimina</span> <span class='ocrx_word' id='word_1_170' title='bbox 1185 3588 1226 3660; x_wconf 94' lang='lat' dir='ltr'>li-</span> 
     </span>
     <span class='ocr_line' id='line_1_27' title="bbox 253 3706 1227 3803; baseline 0 -24"><span class='ocrx_word' id='word_1_171' title='bbox 253 3709 394 3779; x_wconf 92' lang='lat' dir='ltr'>brorum</span> <span class='ocrx_word' id='word_1_172' title='bbox 420 3732 492 3778; x_wconf 91' lang='lat' dir='ltr'>non</span> <span class='ocrx_word' id='word_1_173' title='bbox 523 3707 589 3778; x_wconf 83' lang='lat' dir='ltr'>elle</span> <span class='ocrx_word' id='word_1_174' title='bbox 615 3731 636 3778; x_wconf 88' lang='lat' dir='ltr'>a</span> <span class='ocrx_word' id='word_1_175' title='bbox 667 3706 804 3797; x_wconf 87' lang='lat' dir='ltr'>Tacito,</span> <span class='ocrx_word' id='word_1_176' title='bbox 834 3732 913 3803; x_wconf 86' lang='lat' dir='ltr'>quae</span> <span class='ocrx_word' id='word_1_177' title='bbox 948 3731 1012 3777; x_wconf 90' lang='lat' dir='ltr'>nec</span> <span class='ocrx_word' id='word_1_178' title='bbox 1046 3708 1227 3780; x_wconf 79' lang='lat' dir='ltr'>necessaria</span> 
     </span>
     <span class='ocr_line' id='line_1_28' title="bbox 252 3825 1226 3922; baseline 0.003 -26"><span class='ocrx_word' id='word_1_179' title='bbox 252 3844 360 3912; x_wconf 91' lang='lat' dir='ltr'>erant,</span> <span class='ocrx_word' id='word_1_180' title='bbox 386 3850 467 3896; x_wconf 89' lang='lat' dir='ltr'>cum</span> <span class='ocrx_word' id='word_1_181' title='bbox 497 3849 558 3919; x_wconf 88' lang='lat' dir='ltr'>pet</span> <span class='ocrx_word' id='word_1_182' title='bbox 574 3849 681 3897; x_wconf 89' lang='lat' dir='ltr'>annos</span> <span class='ocrx_word' id='word_1_183' title='bbox 697 3825 833 3898; x_wconf 88' lang='lat' dir='ltr'>historia</span> <span class='ocrx_word' id='word_1_184' title='bbox 848 3825 978 3922; x_wconf 85' lang='lat' dir='ltr'>digesta</span> <span class='ocrx_word' id='word_1_185' title='bbox 999 3826 1092 3910; x_wconf 85' lang='lat' dir='ltr'>effet‚</span> <span class='ocrx_word' id='word_1_186' title='bbox 1116 3850 1226 3922; x_wconf 86' lang='lat' dir='ltr'>eaque</span> 
     </span>
     <span class='ocr_line' id='line_1_29' title="bbox 252 3941 1222 4035; baseline 0.006 -21"><span class='ocrx_word' id='word_1_187' title='bbox 252 3943 339 4024; x_wconf 75' lang='lat' dir='ltr'>adeo</span> <span class='ocrx_word' id='word_1_188' title='bbox 363 3941 604 4017; x_wconf 86' lang='lat' dir='ltr'>Grammaticis</span> <span class='ocrx_word' id='word_1_189' title='bbox 628 3945 683 4017; x_wconf 90' lang='lat' dir='ltr'>vel</span> <span class='ocrx_word' id='word_1_190' title='bbox 698 3943 839 4018; x_wconf 88' lang='lat' dir='ltr'>librariis</span> <span class='ocrx_word' id='word_1_191' title='bbox 864 3943 994 4035; x_wconf 89' lang='lat' dir='ltr'>deberi,</span> <span class='ocrx_word' id='word_1_192' title='bbox 1023 3963 1062 4018; x_wconf 94' lang='lat' dir='ltr'>ut</span> <span class='ocrx_word' id='word_1_193' title='bbox 1085 3943 1123 4019; x_wconf 89' lang='lat' dir='ltr'>in</span> <span class='ocrx_word' id='word_1_194' title='bbox 1147 3945 1222 4020; x_wconf 82' lang='lat' dir='ltr'>aliis</span> 
     </span>
    </p>
   </div>
   <div class='ocr_carea' id='block_1_5' title="bbox 0 0 1498 5138">
    <p class='ocr_par' dir='ltr' id='par_1_5' title="bbox 0 0 1498 5138">
     <span class='ocr_line' id='line_1_30' title="bbox 0 0 1498 5138; baseline 0 1"><span class='ocrx_word' id='word_1_195' title='bbox 0 0 1498 5138; x_wconf 95' lang='lat' dir='ltr'> </span> 
     </span>
    </p>
   </div>
  </div>
 </body>
</html>
