2986 5138
1145 574 1236 654 xxix

260 772 417 874 protulit,
444 774 539 872 quod
555 774 681 848 Tacito
704 773 896 872 prodesset:
923 776 1016 849 unde
1038 798 1131 867 eam,
1160 778 1234 850 col·

261 897 428 992 legeram,
454 918 473 965 e
488 892 655 991 superiori
670 894 728 967 illa
744 912 853 967 totam
866 894 1008 968 ductam
1024 895 1100 985 effe,
1123 917 1235 994 eaque

259 1012 360 1087 facile
376 1038 488 1086 carere
507 1012 612 1109 posse,
640 1012 701 1109 qui
718 1012 815 1085 illam
830 1015 980 1086 haberet.
1020 1015 1087 1087 Sed
1102 1033 1234 1105 tamen,

260 1135 437 1206 oc'cafione
453 1132 585 1221 oblata,
610 1131 679 1205 emi
708 1133 912 1228 exemplum
936 1130 1007 1229 ejus
1031 1136 1066 1204 ἃ
1089 1131 1234 1230 inspexi.

259 1253 383 1326 Habet
399 1270 515 1324 autem
533 1249 832 1348 praesatiunculam
846 1249 945 1324 Rivii
962 1252 1119 1339 brevem,
1147 1257 1180 1324 δι
1198 1252 1235 1326 in

260 1394 302 1443 ea
327 1369 520 1443 breviorem
551 1370 654 1443 etiam
682 1365 925 1468 profeffionem
952 1370 998 1443 de
1023 1393 1129 1466 opera
1155 1394 1176 1442 a
1202 1369 1237 1444 se

260 1508 395 1563 navata.
431 1490 530 1587 Opus
548 1508 678 1578 totum,
695 1506 833 1585 recepta
843 1513 945 1562 novae
963 1486 1124 1561 editionis
1139 1513 1234 1580 cura,

259 1607 293 1681 se
309 1607 476 1705 primum,
501 1607 562 1697 ait,
595 1606 805 1705 percurrisse,
840 1606 1014 1705 incoque
1039 1627 1091 1681 tot
1114 1627 1234 1699 errata,

256 1745 312 1800 tot
328 1753 447 1801 naevos
464 1726 636 1824 reperisse,
665 1747 702 1800 ut
717 1727 801 1801 locis
817 1725 916 1824 supra
931 1726 1027 1800 mille
1038 1728 1234 1802 correxerit.

256 1847 329 1945 Qri
360 1845 574 1945 professionis
613 1847 802 1920 modus&
832 1845 1011 1920 consensus
1048 1844 1119 1945 ejus
1151 1874 1235 1924 cum

257 1985 357 2040 textu
374 1965 571 2057 Puteolani,
589 1991 696 2063 quem
712 1965 749 2038 in
765 1964 859 2037 notis
874 1964 1119 2055 indicavimus,
1145 1969 1235 2041 clare

257 2084 401 2176 indicat,
425 2084 584 2159 editionis
600 2087 743 2158 Venetae
770 2083 928 2182 proxime
945 2085 1135 2183 superioris,
1163 2085 1186 2160 i.
1202 2112 1234 2160 e·

257 2229 288 2277 a.
310 2227 413 2303 1497.
437 2205 641 2301 exemplum
657 2206 702 2277 ab
720 2229 761 2277 eo
782 2203 829 2276 ita
845 2199 948 2301 prelis
972 2205 1234 2303 typographicis

257 2323 566 2399 accommodatum
587 2322 666 2411 esse,
694 2343 734 2396 ut
761 2348 944 2421 operarum
959 2323 1043 2397 vitia
1070 2327 1232 2399 tolleren-

255 2461 326 2533 tur,
354 2468 432 2539 quae
457 2461 619 2539 praeterea
646 2440 767 2515 vitiosa
793 2442 1004 2534 viderentur,
1032 2444 1077 2517 de
1097 2442 1233 2543 judicio

256 2562 317 2636 suo
335 2561 531 2660 corrigeret.
580 2563 621 2634 ln
639 2586 710 2657 quo
734 2586 841 2657 quam
863 2561 895 2634 ei
921 2561 1095 2637 interdum
1119 2564 1232 2639 infeli·

257 2681 343 2757 citer
365 2707 418 2756 res
434 2680 640 2771 successerit,
669 2681 834 2778 exemplo
850 2680 916 2754 elle
933 2681 1045 2779 potest
1066 2685 1233 2759 corredio

256 2820 377 2875 notata
392 2802 438 2874 ad
467 2805 515 2873 A.
533 2802 602 2891 XI,
630 2825 666 2892 4.
715 2801 877 2874 Ceterum
902 2804 936 2875 &
960 2803 1050 2876 hanc
1072 2803 1234 2904 intelligit

258 2919 410 3017 Lipsius,
435 2919 610 2993 interdum
640 2945 721 2994 cum
739 2921 910 2995 Venetam
927 2944 1178 2997 commemorat
1194 2924 1233 2997 in

259 3038 342 3112 edd.
370 3037 631 3135 posterioribus,
657 3058 697 3113 ut
725 3039 844 3139 colligi
873 3040 984 3137 potest
1012 3067 1032 3114 e
1060 3061 1143 3118 nota
1173 3043 1231 3117 ed.

259 3155 391 3255 quintae
409 3156 453 3230 ad
470 3159 539 3248 Xl,
568 3161 622 3233 18.
647 3158 717 3232 vid.
740 3159 790 3233 ibi
806 3179 928 3236 notam
944 3160 1091 3234 nostram
1108 3189 1143 3234 n.
1163 3185 1220 3237 ro.

305 3277 414 3351 Hanc
434 3276 571 3375 exoepit
596 3276 703 3352 editio
731 3278 879 3375 Philippi
895 3279 1044 3352 Beroaldi
1066 3281 1231 3375 Junioris,

256 3395 462 3470 nitidissimis
489 3394 613 3470 chartis
634 3396 805 3494 typisque,
832 3423 894 3494 per
919 3397 1134 3496 Magistrum
1156 3401 1231 3472 Ste-

256 3518 414 3615 phanum
430 3513 612 3588 Guillereti
628 3515 673 3588 de
685 3514 925 3612 lotharingia,
943 3516 1116 3589 Tullensrs
1133 3517 1230 3592 dioe-

256 3633 385 3725 cekos,
411 3637 539 3708 Romae
561 3657 662 3732 1515.
681 3635 759 3708 Kal.
782 3636 890 3709 Mart.
906 3634 1036 3709 Leonis
1053 3638 1101 3710 X.
1127 3640 1230 3714 Pont.

256 3755 360 3828 Max.
388 3736 490 3826 auno⁴
508 3751 672 3827 secundo.
729 3752 1028 3828 Praesatiunculam
1056 3757 1229 3851 Beroaldi,

256 3896 335 3968 quae
352 3871 398 3943 ad
408 3870 569 3945 editionis
581 3871 750 3947 rationem
762 3872 921 3971 pertinet,
939 3872 1021 3972 quia
1037 3876 1152 3953 brevis
1163 3879 1227 3972 est,

258 3989 345 4066 liber
360 4010 478 4067 sutem
501 3989 572 4090 ipse
600 3989 795 4085 rarissimus,
822 3991 1052 4091 subjecimus:
1083 3997 1229 4098 Philipp.
