2986 5138
317 618 384 689 130
521 590 562 663 C.
595 590 869 663 Connnnrr
904 589 1109 660 Tncrrr

312 763 470 861 agrestia,
493 763 536 835 ad
552 761 702 835 subitum
718 760 817 834 usum
836 782 1027 858 properata.
1078 762 1130 837 Ut
1156 759 1283 831 vensere

313 883 349 954 in
367 909 502 971 manus,
521 909 590 954 non
608 882 696 954 ultra
722 881 934 969 dubitatum,
968 870 1078 978 quam
1099 881 1186 952 dum
1208 883 1284 952 Ro·

313 1029 424 1075 manae
447 1004 607 1075 cohortes
638 1001 675 1073 in
706 1026 847 1097 aequum
875 999 1108 1072 eniterentur:
1146 1018 1286 1072 vertunt

313 1139 413 1218 terga
427 1120 568 1208 Cilices,
594 1118 697 1215 seque
715 1121 852 1192 castello
869 1121 1048 1192 claudunt.

361 1242 536 1312 LXXXI.
562 1241 737 1311 Inrnturu
760 1235 838 1309 Piso
867 1240 1021 1326 classem,
1050 1239 1144 1311 haud
1163 1237 1285 1334 procul

313 1359 566 1455 opperientem,
585 1359 785 1454 adpugnare
810 1355 933 1436 frustra
960 1357 1129 1431 tentavit:
1157 1353 1284 1454 regres-

314 1477 448 1574 susque,
483 1481 516 1548 &
545 1503 608 1572 pro
633 1476 742 1548 muris
775 1477 883 1548 modo
921 1474 1027 1549 semet
1059 1476 1285 1565 adllislandO,

315 1595 424 1668 modo
454 1597 604 1693 singulos
643 1594 787 1667 nomine
812 1595 918 1683 ciens,
956 1594 1107 1692 praemiis
1143 1621 1285 1684 vocans,

315 1715 516 1788 seditionem
547 1718 748 1810 coeptabat3
783 1715 941 1811 adeoque
969 1734 1219 1801 commoverat,
1245 1734 1285 1786 ut

316 1834 454 1932 signifer
472 1833 616 1930 legionis
632 1833 735 1907 sextae
753 1837 887 1931 signum
904 1835 950 1906 ad
967 1858 1046 1907 eum
1066 1831 1285 1905 transtulerit.

315 1957 412 2029 Tum
449 1953 582 2027 Sentius
623 1961 833 2026 “occanere
872 1978 1001 2026 cornua
1026 1948 1205 2048 tubasque,
1249 1956 1281 2024 δι

318 2083 346 2117 “
366 2075 433 2172 peti
451 2100 628 2171 aggerem,
653 2072 738 2170 erigi
755 2071 881 2144 scalas'’
903 2070 1010 2169 jussit,
1038 2078 1065 2114 “
1082 2096 1122 2145 ac
1141 2096 1285 2167 promp-

319 2202 347 2236 “
365 2194 528 2266 tissrmum
554 2217 730 2290 quemque
750 2189 956 2266 succedere:
993 2189 1078 2264 alios
1104 2190 1284 2264 tormentis

320 2320 348 2356 “
368 2314 491 2399 hastas,
511 2312 604 2399 saxa,
628 2311 766 2383 &faces
783 2310 974 2406 ingerere.”
999 2311 1178 2400 Tandem,
1201 2310 1291 2384 vids

318 2431 516 2527 pertinacis,
558 2429 635 2503 Piso
687 2429 812 2519 oravit,
851 2435 877 2471 “
895 2429 962 2517 utl,
998 2429 1132 2503 traditis
1171 2429 1287 2520 armis,

322 2556 523 2620 “maneret
552 2548 587 2619 in
611 2548 763 2636 castello,
798 2550 886 2621 dum
913 2546 1036 2636 Caesar,
1072 2548 1129 2620 cui
1157 2548 1289 2644 Syriam

321 2675 350 2708 “
369 2665 591 2761 permitteret,
614 2666 835 2739 consulitur.”
884 2670 970 2739 Non
999 2688 1143 2764 receptae
1169 2668 1289 2740 condi-

320 2785 454 2856 tiones:
483 2811 544 2857 nec
562 2785 670 2873 aliud,
701 2788 810 2882 quam
832 2812 937 2860 naves
964 2791 997 2860 &
1020 2807 1133 2861 tutum
1158 2786 1195 2860 in
1218 2790 1289 2860 Ur-

322 2907 405 2978 bem
423 2903 497 2991 iter,
525 2907 720 2977 concellum
738 2906 798 2977 est.

379 3025 572 3097 LXXXII.
612 3029 671 3096 Ar
696 3027 843 3112 Ronrns,
886 3027 1071 3122 postquam
1093 3026 1291 3099 Germanici

321 3144 484 3215 valetudo
501 3144 708 3238 percrebuit,
733 3145 940 3240 cunslaque,
966 3165 1005 3216 ut
1022 3169 1066 3216 ex
1084 3146 1290 3243 longinqu0,

320 3264 421 3335 aucta
450 3260 485 3332 in
522 3261 668 3334 deterius
696 3261 950 3352 adferebantur,
980 3265 1095 3353 dolor,
1131 3266 1191 3336 ira.
1244 3269 1291 3337 Et

322 3383 550 3476 erumpebant
573 3381 734 3477 questus:
775 3386 800 3422 ‘⁴
819 3383 903 3455 Ideo
927 3382 1093 3457 nimirum
1119 3384 1155 3456 in
1178 3403 1287 3456 extre·

324 3508 352 3541 “
371 3526 443 3571 mas
472 3520 577 3571 terras
600 3502 815 3597 relegatum:
853 3502 931 3575 ideo
958 3502 1071 3577 Pisoni
1096 3502 1289 3597 permissam

324 3625 349 3659 ‘⁴
371 3618 606 3712 provinciam:
636 3621 703 3691 hoc
719 3620 824 3716 egisse
849 3619 992 3694 secretos
1016 3620 1181 3717 Augustae
1206 3645 1288 3690 cunr

324 3745 350 3778 “
370 3736 533 3808 Plancina
555 3735 748 3809 sermones:
775 3765 857 3812 vera
883 3738 1015 3837 prorsus
1036 3740 1079 3810 de
1104 3735 1217 3809 Druso
1240 3737 1288 3809 se-

324 3861 350 3897 “
370 3855 480 3925 niores
518 3857 676 3927 locutos:
717 3857 893 3953 displicere
928 3856 1147 3955 regnantibus
1175 3854 1291 3928 civilia

324 3971 520 4048 “filiorum
544 3973 706 4071 ingenia:
737 4001 851 4075 neque
874 3981 922 4059 ob
945 3976 1039 4051 aliud
1065 3974 1288 4073 interceptos,
