2986 5138
445 559 746 632 Annnirun
781 562 889 633 Lrn.
915 561 961 633 11.
1159 576 1246 656 103¹

257 732 320 819 est,
356 735 383 770 “
400 727 632 828 frustibusque
663 729 733 827 ejus
766 731 873 802 levari
907 732 1002 827 posse
1034 735 1227 805 centesrmae

257 859 285 893 “
304 849 476 944 vestigas'
499 847 666 944 professus
682 847 807 937 Caesar,
823 850 1092 922 ducentesimam
1110 850 1145 922 in
1163 876 1226 946 po-

256 969 383 1042 sterum
400 966 523 1039 statuit.
573 968 638 1038 Per
659 967 753 1038 idem
769 987 906 1064 tempus
924 969 1101 1041 Antiocho
1118 970 1226 1041 Com-

255 1112 498 1184 magenorum,
519 1084 741 1182 Philopatore
756 1087 908 1158 Cilicum
925 1087 1065 1184 regibus
1082 1086 1227 1161 defunc-

255 1206 313 1294 tis,
349 1206 580 1277 turbabantur
611 1204 778 1292 nationes,
811 1202 980 1302 plerisque
1009 1209 1227 1296 Romanum,

255 1325 328 1398 aliis
344 1324 482 1422 regium
505 1322 689 1418 imperium
714 1322 958 1418 cupientibus:
986 1328 1019 1394 δι
1039 1324 1228 1419 provinciae

256 1444 350 1539 Syria
365 1465 471 1541 atque
488 1443 625 1536 Judaea,
649 1440 741 1514 fesIae
758 1442 934 1533 oneribus,
954 1442 1229 1517 deminutionem

255 1562 377 1635 tributi
395 1564 549 1635 orabant.

305 1683 439 1755 XLIII.
466 1683 606 1753 Iorrun
625 1683 715 1770 haec,
737 1681 831 1752 &de
849 1679 1016 1752 Armenia
1033 1705 1112 1776 quae
1128 1680 1228 1777 supra

253 1800 459 1888 memoravi,
472 1802 568 1895 apud
585 1822 696 1894 patres
713 1799 882 1871 disseruit:
911 1806 937 1841 “
956 1824 1019 1871 nec
1036 1801 1129 1894 posse
1148 1826 1225 1872 mo·
1260 1839 1262 1842 ·

256 1926 381 1991 “tum
409 1919 588 1991 Orientem
616 1919 677 1990 nisi
708 1918 909 1991 Germanici
940 1917 1101 2014 sapientis.
1128 1945 1226 1990 com-

257 2047 285 2082 “
303 2038 398 2136 poni.
448 2040 544 2111 Nam
560 2037 656 2110 suam
680 2058 817 2110 aetatem
840 2063 998 2134 vergere,
1022 2039 1122 2109 Drusr
1141 2064 1230 2110 nona

257 2160 388 2231 “dum
411 2157 487 2229 satis
511 2157 733 2230 adoleviffe.”
782 2159 887 2229 Tunc
911 2157 1050 2228 decreto
1072 2178 1227 2252 patrum,

254 2278 423 2376 permiffae
448 2276 659 2349 Germanico
687 2276 894 2372 provinciae,
923 2299 1003 2371 quae
1027 2276 1111 2347 mari
1138 2277 1228 2348 divi-

255 2400 397 2485 duntur,
416 2394 592 2492 majusque
610 2395 794 2491 imperium
812 2393 956 2491 quoqud
973 2393 1105 2481 adisset,
1120 2396 1230 2491 quim

256 2515 308 2589 his
331 2515 391 2612 qui
413 2515 500 2586 sorte
520 2535 579 2585 aut
604 2513 705 2585 miffu
723 2512 892 2609 Principis
909 2512 1113 2584 obtinerent.
1163 2515 1230 2585 Sed

254 2635 417 2708 Tiberius
440 2635 641 2706 demoverat
664 2632 758 2727 Syris
779 2633 955 2705 Creticum
979 2632 1148 2721 Silanum,
1170 2657 1229 2729 pet

255 2755 470 2827 adfinitatem
487 2777 687 2824 connexum
700 2750 925 2840 Germanico,
944 2752 1024 2847 quia
1040 2752 1143 2824 Silani
1159 2752 1230 2825 filia

255 2873 403 2964 Neroni,
431 2871 655 2944 vetustissimo
679 2870 867 2943 liberorum
894 2869 977 2968 ejus,
1007 2873 1105 2966 pasIa
1133 2892 1226 2944 erat:

257 2992 530 3089 praefeceratque
547 2994 613 3064 Cn.
631 2990 791 3064 Pisonem
810 2991 950 3088 ingenio
967 2990 1176 3079 violentum,
1195 2996 1229 3062 ὃς

256 3108 411 3208 obsequii
440 3111 619 3209 ignarum,
650 3111 744 3183 insiti
770 3110 897 3183 ferocia
923 3136 943 3181 a
972 3129 1069 3205 patre
1093 3106 1228 3195 Pisone,

256 3230 316 3326 qui
341 3229 435 3302 civili
459 3231 550 3302 bello
572 3229 783 3327 resurgentes
805 3230 840 3302 in
865 3228 981 3302 Africa
1002 3248 1113 3324 partes
1134 3253 1229 3299 acer·
1338 3260 1342 3271 ·

255 3348 344 3421 rimo
357 3347 543 3421 ministerio
553 3349 716 3421 adversus
728 3348 897 3421 Caesarem
907 3347 1019 3445 juvit:
1047 3371 1131 3421 mox
1145 3347 1228 3416 Bru-

255 3486 333 3539 tum
353 3471 385 3539 &
403 3469 554 3567 Cassium
570 3466 717 3558 secutus,
735 3469 894 3541 concesso
911 3467 1035 3554 reditu,
1067 3463 1230 3560 petitione
1252 3528 1257 3539 .

255 3589 429 3662 hononrm
446 3586 618 3676 abstinuit,
633 3592 745 3660 donec
762 3588 854 3659 ultro
871 3586 1060 3659 ambiretur
1073 3585 1231 3655 delatum

256 3709 302 3778 ab
320 3707 482 3803 Augusto
500 3706 715 3780 consulatum
731 3707 895 3803 accipere.
945 3707 1011 3778 Sed
1031 3725 1153 3800 praeter
1171 3730 1230 3799 pa·

255 3844 371 3897 ternos
394 3825 542 3921 spiritus,
568 3825 685 3898 uxoris
702 3851 843 3922 quoque
860 3824 1034 3897 Plancinae
1051 3822 1231 3896 nobilitate

259 3947 293 4020 dc
321 3942 448 4041 opibus
471 3946 747 4018 accendebatur:
776 3943 837 4016 vix
858 3943 1004 4016 Tiberio
1026 3943 1231 4033 concedere,

682 4065 767 4152 H4
