2986 5138
479 560 784 632 Auumruu
817 557 928 655 Lrp.
962 561 1007 631 ll.
1185 588 1227 657 91

258 729 450 831 providum
480 734 513 802 &
542 727 680 802 facilem
710 728 881 820 inanibus,
915 732 960 804 ad
988 733 1233 807 Chaldaeorum

260 848 435 949 promiffa,
464 849 659 946 Magorum
682 848 788 938 sacra,
813 848 1029 923 somniorum
1052 851 1156 923 etiam
1179 852 1232 924 in-

258 988 422 1066 terpretes
447 966 611 1063 impulit:
645 969 734 1040 dum
763 975 980 1064 “proavum
1006 970 1231 1067 Pompeium,

166 1159 169 1163 .
259 1087 449 1161 “amitam
482 1085 714 1177 Scriboniam,
758 1112 837 1183 quae
871 1088 1052 1183 quondam
1083 1090 1234 1187 Augusti

259 1205 462 1303 “conjunx
495 1204 617 1294 fuerat,
648 1202 867 1278 consobrinos
900 1204 1061 1293 Caesares,
1095 1209 1234 1303 plenam

257 1323 517 1422 “imaginibus
539 1325 712 1396 domum'’
739 1325 909 1411 ostentat;
943 1327 1167 1422 hortaturque
1188 1328 1234 1398 ad

258 1446 383 1519 luxum
407 1448 440 1515 bc
463 1470 508 1515 aes
531 1441 697 1532 alienum,
720 1441 831 1516 socius
851 1442 1038 1535 libidinum
1065 1449 1097 1517 δι
1120 1442 1235 1516 neces·

256 1567 408 1652 fitatum,
427 1563 499 1658 quo
516 1563 671 1658 pluribus
688 1561 825 1635 indiciis
842 1563 1013 1660 inligaret.

304 1669 476 1755 XXVIII.
493 1683 556 1753 Ur
577 1706 685 1753 snrrs
704 1680 857 1771 testium,
877 1688 910 1755 δι
929 1683 990 1779 qui
1007 1681 1091 1755 servi
1109 1684 1232 1758 eadem

256 1799 448 1890 noscerent,
473 1799 612 1897 reperit,
639 1799 776 1872 aditum
793 1802 838 1872 ad
855 1800 1049 1898 principem
1066 1802 1231 1898 postulat,

255 1920 492 1994 demonstrato
518 1918 664 1992 crimine
691 1923 725 1991 δε
751 1945 809 1992 reo
832 1945 893 2016 per
914 1922 1082 1994 Flaccum
1104 1920 1231 1993 Vescu-

258 2040 381 2114 larium
401 2039 557 2137 equitem
580 2043 801 2128 Romanum,
825 2037 881 2110 cui
903 2038 1045 2134 propior
1065 2064 1148 2111 curn
1169 2039 1233 2112 Ti-

256 2160 352 2233 berio
368 2157 446 2232 usus
463 2178 545 2233 erat.
595 2156 709 2229 Caesar
726 2157 894 2229 indicium
911 2159 1005 2230 haud
1021 2156 1231 2255 aspernatus,

259 2281 457 2378 congrellus
481 2278 628 2351 abnuit:
658 2284 685 2318 “
704 2279 800 2373 poss'e
822 2276 931 2364 enlm,
956 2276 1082 2349 eodem
1104 2279 1233 2352 Flacco

258 2406 286 2442 “
304 2398 528 2486 internuntio,
558 2396 730 2469 sermones
757 2396 989 2468 commeare.''
1039 2401 1158 2494 Atque
1179 2397 1231 2470 in-

255 2519 357 2592 terim
389 2517 569 2591 Libonem
596 2537 697 2587 ornat
727 2517 890 2610 praetural,
922 2514 1138 2589 convictibus
1169 2519 1231 2590 ad-

152 2616 156 2623 .
257 2638 366 2725 hibet,
392 2663 463 2709 non
480 2638 580 2708 vultu
597 2634 775 2723 alienatuS,
801 2659 873 2706 non
890 2633 1005 2707 verbis
1022 2636 1233 2708 commotior

258 2755 366 2851 (adeo
384 2753 469 2826 iram
487 2752 707 2846 condiderat)
732 2755 929 2849 condoque
951 2751 1021 2850 ejus
1045 2754 1136 2827 dieta
1160 2754 1230 2827 fac-

256 2892 361 2971 taque
379 2873 461 2945 clim
476 2871 658 2966 prohibere
677 2874 800 2967 pollet,
814 2869 896 2943 scire
912 2875 1087 2944 malebat:
1117 2875 1232 2948 donec

256 2991 382 3087 Junius
407 2989 566 3087 quidam,
591 3010 739 3062 tentatus
764 3011 803 3062 ut
826 2989 974 3064 infernas
997 2993 1136 3064 umbras
1158 3019 1232 3065 cat·

255 3110 410 3184 minibus
426 3108 575 3198 eliceret,
596 3111 641 3182 ad
659 3108 858 3182 Fulcinium
876 3110 1045 3183 Trionem
1063 3110 1232 3185 indicium
1311 3176 1314 3181 .

255 3229 407 3301 detulit:
443 3228 578 3300 celebre
611 3227 699 3301 inter
729 3227 939 3303 accusatores
967 3230 1107 3303 Trionis
1133 3230 1231 3327 inge-

254 3349 354 3422 nium
378 3367 463 3437 erat,
487 3346 701 3444 avidumque
724 3345 826 3419 famae
852 3350 963 3420 malae.
1014 3347 1138 3420 Statim
1154 3374 1231 3420 cor-

255 3468 336 3565 ripit
369 3493 481 3556 reum,
517 3466 587 3539 adit
620 3466 789 3555 consules,
825 3465 958 3538 senatlrs
991 3463 1231 3560 cognitionem

255 3586 386 3683 poscit:
423 3592 456 3660 δι
484 3606 652 3659 vocantur
679 3606 804 3681 patres,
830 3583 962 3674 addito,
989 3590 1017 3625 “
1036 3581 1230 3657 consultan-

256 3715 284 3751 “
302 3709 390 3780 dum
407 3707 509 3804 super
527 3731 563 3778 re
581 3710 709 3804 magnai
725 3710 758 3778 ὃς
775 3704 917 3778 atroci.''

279 3829 418 3900 XXIX.
445 3830 551 3899 Lino
580 3824 717 3897 interim
748 3824 841 3897 veste
869 3825 1014 3911 mutatzl,
1049 3850 1131 3899 cum
1162 3825 1230 3920 pri·

255 3944 413 4019 moribus
431 3942 582 4032 feminis,
608 3942 787 4019 circumire
808 3945 947 4034 domos,
973 3968 1067 4017 orare
1082 3944 1228 4037 adfines,
