2986 5138
219 571 265 660 48
442 560 483 636 C.
517 562 793 635 Connusrr
827 561 1030 633 Tncrrr

222 737 327 824 baris,
353 735 486 832 quanto
511 734 589 832 quis
610 734 757 807 audacil
781 753 985 831 promptus,
1008 728 1110 804 tanto
1130 757 1209 805 ma-

222 857 274 952 gis
298 857 402 944 fidus,
434 851 605 949 rebusque
620 853 725 925 motis
742 851 859 948 potior
875 853 1038 924 habetur.
1090 851 1209 924 Addi-

221 976 317 1045 derat
339 972 494 1068 Segestes
526 971 648 1067 legatis
684 971 814 1059 filium,
841 969 987 1043 nomine
1017 969 1211 1067 Segimun-

220 1094 328 1164 dum:
348 1088 553 1186 sedjuvenis
566 1087 776 1162 conscientia
785 1091 1041 1162 cunelabatur:
1072 1088 1214 1185 quippe

221 1235 327 1296 anno,
361 1235 433 1304 quo
456 1207 655 1280 Germaniae
691 1206 882 1297 descivere,
921 1206 1085 1282 sacerdos
1113 1210 1214 1304 apud
1244 1210 1248 1220 '

222 1332 334 1401 Aram
355 1326 535 1398 Ubiorum
556 1346 706 1415 creatus,
732 1347 875 1422 ruperat
898 1326 1019 1416 vittas,
1037 1324 1214 1424 profugus
1288 1307 1291 1313 ¹

223 1447 269 1521 ad
293 1446 447 1517 rebelles.
509 1445 695 1516 Addu&us
719 1464 840 1516 tamen
864 1444 902 1516 in
926 1444 1027 1542 spem
1054 1447 1214 1518 clemen-

222 1564 278 1637 tiae
313 1566 501 1650 Romanae,
537 1561 680 1657 pertulit
714 1561 822 1658 patris
862 1565 1048 1654 mandata,
1085 1564 1215 1663 benig-

223 1684 337 1776 neque
359 1703 525 1776 exceptus
560 1705 644 1752 cum
674 1679 835 1774 praefidio
864 1681 1047 1754 Gallicam
1083 1683 1122 1755 in
1165 1684 1215 1756 ri-

224 1823 308 1898 pam
329 1799 448 1871 millus
476 1797 536 1870 est.
585 1797 801 1871 Germanico
827 1797 983 1893 pretium
1013 1797 1097 1888 fuit,
1124 1827 1215 1873 con-

224 1937 359 1993 vertere
403 1941 566 2014 agmen:
606 1906 880 2013 pugnatumque
916 1914 955 1986 in
995 1916 1216 2009 obsidentes,

227 2041 261 2112 &
291 2057 428 2131 ereptus
463 2032 616 2131 Segestes
644 2037 887 2137 magnacum
920 2033 1218 2130 propinquorum

228 2160 261 2228 δι
287 2155 465 2227 clientium
483 2179 601 2225 manu.
650 2156 790 2225 Inerant
811 2149 955 2224 feminae
978 2153 1134 2242 nobiles,
1159 2155 1217 2227 in·

228 2293 279 2345 ter
311 2297 397 2368 quas
418 2298 508 2345 uxor
534 2270 702 2360 Arminii,
731 2270 930 2365 eademque
950 2269 1026 2343 filia
1046 2272 1217 2370 Segestis,

231 2387 344 2461 mariti
368 2390 480 2486 magis
505 2391 613 2486 quam
637 2389 787 2486 parentis
810 2387 948 2478 anim0,
974 2413 1096 2487 neque
1120 2392 1221 2468 vieta

228 2505 265 2578 in
278 2503 449 2594 lacrimas,
478 2532 590 2604 neque
607 2532 696 2580 voce
711 2506 875 2604 supplex,
897 2511 1104 2605 comprelsrs
1126 2510 1220 2585 intra

230 2626 340 2694 smum
357 2623 531 2713 manibus,
556 2626 743 2721 gravidum
759 2645 899 2699 uterum
914 2626 1070 2700 intuens.
1112 2631 1220 2702 Fere-

232 2742 360 2811 bantur
384 2743 418 2810 &
441 2739 548 2837 spolia
560 2743 717 2817 Varianae
734 2745 859 2835 cladis,
884 2744 1060 2842 plerisque
1074 2772 1219 2840 eorum,

232 2853 394 2952 quitum
419 2856 456 2930 in
484 2859 699 2935 deditionem
727 2862 934 2954 veniebant,
967 2867 1100 2961 praedae
1124 2868 1221 2940 data.

231 2971 341 3045 Simul
354 2972 507 3070 Segestes
524 2978 593 3074 ipse
610 2979 732 3076 ingens
754 2981 846 3071 visu,
878 2988 914 3056 δι
928 2986 1101 3059 memoria
1114 2989 1221 3061 bonae

232 3087 401 3162 societatis
414 3092 637 3192 impavidus:
665 3101 772 3170 verba
796 3098 870 3196 ejus
895 3100 934 3172 in
956 3103 1053 3174 hunc
1066 3106 1222 3178 modum

234 3206 341 3282 fuere.

279 3324 412 3395 LVlll·
433 3336 461 3371 “
475 3334 569 3407 Non
589 3359 657 3409 rrrc
678 3335 764 3408 milri
779 3335 914 3433 primus
937 3364 1021 3436 erga
1040 3341 1222 3436 populum

235 3449 263 3484 “
282 3442 490 3520 Romanum
516 3454 598 3525 fidei
624 3459 656 3527 δι
681 3453 882 3527 constantia
905 3455 1006 3531 dies:
1038 3482 1084 3530 ex
1103 3484 1179 3555 quo
1200 3484 1223 3530 a

234 3563 261 3598 “
279 3555 363 3625 dll'O
398 3567 565 3660 Augusto
591 3572 731 3645 civitate
767 3573 917 3647 donatus
952 3575 1044 3666 lum,
1083 3577 1224 3651 anticos

234 3678 262 3713 “
281 3670 512 3796 inimicosque
525 3711 570 3760 ex
584 3690 701 3764 vestris
712 3690 918 3766 utilitatibus
929 3694 1048 3792 delegi
1063 3723 1072 3768 ε
1103 3722 1225 3793 neque

233 3790 262 3826 “
282 3785 363 3854 ⁰d¹⁰
377 3811 455 3882 patr
458 3795 515 3886 iae‚
538 3807 690 3906 (quippe
704 3810 909 3906 proditores,
934 3812 1043 3887 etiam
1064 3813 1106 3887 iis
1131 3841 1226 3911 quos

234 3902 264 3939 “
281 3916 520 4005 anteponunt,
547 3920 648 3999 invisi
672 3926 769 4025 sunt)
790 3928 913 4003 verum
937 3931 1022 4028 quia
1046 3935 1226 4010 Romanis
