<?xml version="1.0" encoding="UTF-8"?>
<!DOCTYPE html PUBLIC "-//W3C//DTD XHTML 1.0 Transitional//EN"
    "http://www.w3.org/TR/xhtml1/DTD/xhtml1-transitional.dtd">
<html xmlns="http://www.w3.org/1999/xhtml" xml:lang="en" lang="en">
 <head>
  <title>
</title>
<meta http-equiv="Content-Type" content="text/html;charset=utf-8" />
  <meta name='ocr-system' content='tesseract 3.04.00' />
  <meta name='ocr-capabilities' content='ocr_page ocr_carea ocr_par ocr_line ocrx_word'/>
</head>
<body>
  <div class='ocr_page' id='page_1' title='image "./ccorneliitaciti03ernegoog_0024.png"; bbox 0 0 2986 5138; ppageno 0'>
   <div class='ocr_carea' id='block_1_1' title="bbox 257 552 1233 2583">
    <p class='ocr_par' dir='ltr' id='par_1_1' title="bbox 257 552 1232 1487">
     <span class='ocr_line' id='line_1_1' title="bbox 1190 552 1230 602; baseline -0.025 0"><span class='ocrx_word' id='word_1_1' title='bbox 1190 552 1230 602; x_wconf 85' lang='lat' dir='ltr'>xr</span> 
     </span>
     <span class='ocr_line' id='line_1_2' title="bbox 257 696 1228 798; baseline 0.003 -26"><span class='ocrx_word' id='word_1_2' title='bbox 257 696 422 798; x_wconf 88' lang='lat' dir='ltr'>scriptum</span> <span class='ocrx_word' id='word_1_3' title='bbox 450 699 629 796; x_wconf 83' lang='lat' dir='ltr'>exemplar</span> <span class='ocrx_word' id='word_1_4' title='bbox 651 698 808 796; x_wconf 84' lang='lat' dir='ltr'>nuspiam</span> <span class='ocrx_word' id='word_1_5' title='bbox 833 715 991 772; x_wconf 85' lang='lat' dir='ltr'>notatum</span> <span class='ocrx_word' id='word_1_6' title='bbox 1014 698 1139 797; x_wconf 85' lang='lat' dir='ltr'>reperi,</span> <span class='ocrx_word' id='word_1_7' title='bbox 1163 727 1228 775; x_wconf 91' lang='lat' dir='ltr'>nec</span> 
     </span>
     <span class='ocr_line' id='line_1_3' title="bbox 258 818 1229 917; baseline 0.001 -24"><span class='ocrx_word' id='word_1_8' title='bbox 258 818 401 916; x_wconf 86' lang='lat' dir='ltr'>Dialogi</span> <span class='ocrx_word' id='word_1_9' title='bbox 417 818 462 890; x_wconf 92' lang='lat' dir='ltr'>de</span> <span class='ocrx_word' id='word_1_10' title='bbox 477 818 693 908; x_wconf 87' lang='lat' dir='ltr'>Oratoribus,</span> <span class='ocrx_word' id='word_1_11' title='bbox 713 837 834 916; x_wconf 87' lang='lat' dir='ltr'>praeter</span> <span class='ocrx_word' id='word_1_12' title='bbox 851 821 881 890; x_wconf 91' lang='lat' dir='ltr'>F</span> <span class='ocrx_word' id='word_1_13' title='bbox 881 822 1105 908; x_wconf 79' lang='lat' dir='ltr'>arnesranum,</span> <span class='ocrx_word' id='word_1_14' title='bbox 1124 845 1229 917; x_wconf 92' lang='lat' dir='ltr'>equo</span> 
     </span>
     <span class='ocr_line' id='line_1_4' title="bbox 259 936 1231 1036; baseline 0.002 -26"><span class='ocrx_word' id='word_1_15' title='bbox 259 937 398 1032; x_wconf 77' lang='lat' dir='ltr'>Lipsius</span> <span class='ocrx_word' id='word_1_16' title='bbox 422 962 503 1009; x_wconf 87' lang='lat' dir='ltr'>eum</span> <span class='ocrx_word' id='word_1_17' title='bbox 520 937 691 1010; x_wconf 85' lang='lat' dir='ltr'>correxit:</span> <span class='ocrx_word' id='word_1_18' title='bbox 719 937 781 1034; x_wconf 91' lang='lat' dir='ltr'>qui</span> <span class='ocrx_word' id='word_1_19' title='bbox 807 937 855 1009; x_wconf 88' lang='lat' dir='ltr'>ita</span> <span class='ocrx_word' id='word_1_20' title='bbox 883 963 992 1034; x_wconf 87' lang='lat' dir='ltr'>pauca</span> <span class='ocrx_word' id='word_1_21' title='bbox 1010 936 1133 1033; x_wconf 88' lang='lat' dir='ltr'>scripta</span> <span class='ocrx_word' id='word_1_22' title='bbox 1160 937 1231 1036; x_wconf 89' lang='lat' dir='ltr'>ejus</span> 
     </span>
     <span class='ocr_line' id='line_1_5' title="bbox 260 1054 1231 1152; baseline 0.003 -25"><span class='ocrx_word' id='word_1_23' title='bbox 260 1055 340 1129; x_wconf 88' lang='lat' dir='ltr'>libri</span> <span class='ocrx_word' id='word_1_24' title='bbox 365 1054 575 1152; x_wconf 86' lang='lat' dir='ltr'>exemplaria</span> <span class='ocrx_word' id='word_1_25' title='bbox 590 1055 656 1128; x_wconf 91' lang='lat' dir='ltr'>esse</span> <span class='ocrx_word' id='word_1_26' title='bbox 682 1057 781 1146; x_wconf 92' lang='lat' dir='ltr'>dicit,</span> <span class='ocrx_word' id='word_1_27' title='bbox 810 1057 854 1128; x_wconf 91' lang='lat' dir='ltr'>ad</span> <span class='ocrx_word' id='word_1_28' title='bbox 877 1076 981 1152; x_wconf 89' lang='lat' dir='ltr'>caput</span> <span class='ocrx_word' id='word_1_29' title='bbox 1008 1082 1050 1151; x_wconf 92' lang='lat'>19</span> <span class='ocrx_word' id='word_1_30' title='bbox 1075 1055 1167 1145; x_wconf 86' lang='lat' dir='ltr'>libri,</span> <span class='ocrx_word' id='word_1_31' title='bbox 1191 1077 1231 1130; x_wconf 91' lang='lat' dir='ltr'>ut</span> 
     </span>
     <span class='ocr_line' id='line_1_6' title="bbox 260 1174 1232 1272; baseline 0.005 -26"><span class='ocrx_word' id='word_1_32' title='bbox 260 1174 322 1247; x_wconf 88' lang='lat' dir='ltr'>vix</span> <span class='ocrx_word' id='word_1_33' title='bbox 337 1175 410 1247; x_wconf 93' lang='lat' dir='ltr'>duo</span> <span class='ocrx_word' id='word_1_34' title='bbox 424 1193 483 1247; x_wconf 90' lang='lat' dir='ltr'>aut</span> <span class='ocrx_word' id='word_1_35' title='bbox 499 1174 565 1246; x_wconf 92' lang='lat' dir='ltr'>tria</span> <span class='ocrx_word' id='word_1_36' title='bbox 579 1175 615 1246; x_wconf 92' lang='lat' dir='ltr'>in</span> <span class='ocrx_word' id='word_1_37' title='bbox 631 1175 728 1248; x_wconf 89' lang='lat' dir='ltr'>omni</span> <span class='ocrx_word' id='word_1_38' title='bbox 743 1178 884 1272; x_wconf 84' lang='lat' dir='ltr'>Europa</span> <span class='ocrx_word' id='word_1_39' title='bbox 899 1177 967 1247; x_wconf 86' lang='lat' dir='ltr'>esse</span> <span class='ocrx_word' id='word_1_40' title='bbox 984 1193 1092 1268; x_wconf 89' lang='lat' dir='ltr'>putet.</span> <span class='ocrx_word' id='word_1_41' title='bbox 1125 1178 1232 1252; x_wconf 88' lang='lat' dir='ltr'>Nunc</span> 
     </span>
     <span class='ocr_line' id='line_1_7' title="bbox 259 1291 1231 1390; baseline -0.005 -24"><span class='ocrx_word' id='word_1_42' title='bbox 259 1293 416 1366; x_wconf 90' lang='lat' dir='ltr'>universe</span> <span class='ocrx_word' id='word_1_43' title='bbox 443 1292 575 1389; x_wconf 93' lang='lat' dir='ltr'>aliquid</span> <span class='ocrx_word' id='word_1_44' title='bbox 602 1294 647 1366; x_wconf 91' lang='lat' dir='ltr'>de</span> <span class='ocrx_word' id='word_1_45' title='bbox 670 1294 860 1368; x_wconf 87' lang='lat' dir='ltr'>Codicibus</span> <span class='ocrx_word' id='word_1_46' title='bbox 885 1291 1014 1390; x_wconf 88' lang='lat' dir='ltr'>scriptis</span> <span class='ocrx_word' id='word_1_47' title='bbox 1036 1291 1153 1368; x_wconf 80' lang='lat' dir='ltr'>Taciti</span> <span class='ocrx_word' id='word_1_48' title='bbox 1176 1295 1231 1368; x_wconf 81' lang='lat' dir='ltr'>di.</span> 
     </span>
     <span class='ocr_line' id='line_1_8' title="bbox 259 1413 582 1487; baseline -0.003 0"><span class='ocrx_word' id='word_1_49' title='bbox 259 1413 410 1487; x_wconf 89' lang='lat' dir='ltr'>cendum</span> <span class='ocrx_word' id='word_1_50' title='bbox 432 1413 582 1486; x_wconf 88' lang='lat' dir='ltr'>videtur.</span> 
     </span>
    </p>

    <p class='ocr_par' dir='ltr' id='par_1_2' title="bbox 257 1531 1233 2583">
     <span class='ocr_line' id='line_1_9' title="bbox 307 1531 1231 1629; baseline 0.003 -24"><span class='ocrx_word' id='word_1_51' title='bbox 307 1537 365 1605; x_wconf 87' lang='lat' dir='ltr'>Ac</span> <span class='ocrx_word' id='word_1_52' title='bbox 391 1532 542 1629; x_wconf 89' lang='lat' dir='ltr'>primum</span> <span class='ocrx_word' id='word_1_53' title='bbox 570 1531 647 1604; x_wconf 88' lang='lat' dir='ltr'>libri</span> <span class='ocrx_word' id='word_1_54' title='bbox 673 1531 788 1605; x_wconf 83' lang='lat' dir='ltr'>Taciti</span> <span class='ocrx_word' id='word_1_55' title='bbox 815 1556 887 1604; x_wconf 91' lang='lat' dir='ltr'>non</span> <span class='ocrx_word' id='word_1_56' title='bbox 910 1533 1034 1605; x_wconf 90' lang='lat' dir='ltr'>eodem</span> <span class='ocrx_word' id='word_1_57' title='bbox 1061 1535 1169 1607; x_wconf 93' lang='lat' dir='ltr'>modo</span> <span class='ocrx_word' id='word_1_58' title='bbox 1193 1534 1231 1609; x_wconf 91' lang='lat' dir='ltr'>in</span> 
     </span>
     <span class='ocr_line' id='line_1_10' title="bbox 271 1648 1232 1726; baseline 0.003 -3"><span class='ocrx_word' id='word_1_59' title='bbox 271 1652 387 1723; x_wconf 84' lang='lat' dir='ltr'>Codd.</span> <span class='ocrx_word' id='word_1_60' title='bbox 398 1648 637 1723; x_wconf 77' lang='lat' dir='ltr'>insdribuntur.</span> <span class='ocrx_word' id='word_1_61' title='bbox 686 1652 833 1722; x_wconf 67' lang='lat' dir='ltr'>Ananim</span> <span class='ocrx_word' id='word_1_62' title='bbox 851 1651 907 1723; x_wconf 85' lang='lat' dir='ltr'>vel</span> <span class='ocrx_word' id='word_1_63' title='bbox 924 1652 1084 1722; x_wconf 64' lang='lat' dir='ltr'>Allifanum</span> <span class='ocrx_word' id='word_1_64' title='bbox 1101 1655 1232 1726; x_wconf 79' lang='lat' dir='ltr'>diurna-</span> 
     </span>
     <span class='ocr_line' id='line_1_11' title="bbox 258 1769 1230 1867; baseline 0.005 -27"><span class='ocrx_word' id='word_1_65' title='bbox 258 1772 334 1841; x_wconf 86' lang='lat' dir='ltr'>lium</span> <span class='ocrx_word' id='word_1_66' title='bbox 351 1769 497 1864; x_wconf 74' lang='lat' dir='ltr'>Hrstoriae</span> <span class='ocrx_word' id='word_1_67' title='bbox 512 1770 657 1867; x_wconf 71' lang='lat' dir='ltr'>Augusta</span> <span class='ocrx_word' id='word_1_68' title='bbox 672 1773 764 1840; x_wconf 87' lang='lat' dir='ltr'>libros</span> <span class='ocrx_word' id='word_1_69' title='bbox 793 1770 998 1867; x_wconf 89' lang='lat' dir='ltr'>plerumque</span> <span class='ocrx_word' id='word_1_70' title='bbox 1014 1773 1144 1861; x_wconf 84' lang='lat' dir='ltr'>vocari,</span> <span class='ocrx_word' id='word_1_71' title='bbox 1174 1773 1230 1846; x_wconf 83' lang='lat' dir='ltr'>in-</span> 
     </span>
     <span class='ocr_line' id='line_1_12' title="bbox 258 1888 1230 1986; baseline 0.004 -26"><span class='ocrx_word' id='word_1_72' title='bbox 258 1889 425 1986; x_wconf 87' lang='lat' dir='ltr'>telligitur</span> <span class='ocrx_word' id='word_1_73' title='bbox 452 1889 575 1985; x_wconf 89' lang='lat' dir='ltr'>partim</span> <span class='ocrx_word' id='word_1_74' title='bbox 596 1914 616 1962; x_wconf 89' lang='lat' dir='ltr'>e</span> <span class='ocrx_word' id='word_1_75' title='bbox 639 1888 746 1962; x_wconf 89' lang='lat' dir='ltr'>titulis</span> <span class='ocrx_word' id='word_1_76' title='bbox 769 1889 942 1962; x_wconf 89' lang='lat' dir='ltr'>Codicum</span> <span class='ocrx_word' id='word_1_77' title='bbox 968 1890 1061 1985; x_wconf 87' lang='lat' dir='ltr'>apud</span> <span class='ocrx_word' id='word_1_78' title='bbox 1085 1893 1230 1965; x_wconf 87' lang='lat' dir='ltr'>Monte·</span> 
     </span>
     <span class='ocr_line' id='line_1_13' title="bbox 257 2006 1231 2103; baseline 0.009 -24"><span class='ocrx_word' id='word_1_79' title='bbox 257 2006 445 2081; x_wconf 80' lang='lat' dir='ltr'>falconiam</span> <span class='ocrx_word' id='word_1_80' title='bbox 471 2008 580 2103; x_wconf 89' lang='lat' dir='ltr'>(adde</span> <span class='ocrx_word' id='word_1_81' title='bbox 597 2008 756 2103; x_wconf 80' lang='lat' dir='ltr'>Lipsrum</span> <span class='ocrx_word' id='word_1_82' title='bbox 779 2009 824 2080; x_wconf 95' lang='lat' dir='ltr'>ad</span> <span class='ocrx_word' id='word_1_83' title='bbox 850 2008 1065 2102; x_wconf 86' lang='lat' dir='ltr'>Ann.l,1.)</span> <span class='ocrx_word' id='word_1_84' title='bbox 1089 2014 1123 2082; x_wconf 74' lang='grc' dir='ltr'>δι</span> <span class='ocrx_word' id='word_1_85' title='bbox 1150 2014 1231 2088; x_wconf 81' lang='lat' dir='ltr'>MS.</span> 
     </span>
     <span class='ocr_line' id='line_1_14' title="bbox 258 2126 1233 2224; baseline 0.005 -25"><span class='ocrx_word' id='word_1_86' title='bbox 258 2127 376 2200; x_wconf 87' lang='lat' dir='ltr'>Guels.</span> <span class='ocrx_word' id='word_1_87' title='bbox 404 2126 530 2224; x_wconf 89' lang='lat' dir='ltr'>partim</span> <span class='ocrx_word' id='word_1_88' title='bbox 557 2127 763 2200; x_wconf 87' lang='lat' dir='ltr'>eveteribus</span> <span class='ocrx_word' id='word_1_89' title='bbox 786 2126 998 2201; x_wconf 87' lang='lat' dir='ltr'>editionibus</span> <span class='ocrx_word' id='word_1_90' title='bbox 1020 2129 1079 2200; x_wconf 89' lang='lat' dir='ltr'>Fr.</span> <span class='ocrx_word' id='word_1_91' title='bbox 1102 2131 1233 2204; x_wconf 82' lang='lat' dir='ltr'>Puteo·</span> 
     </span>
     <span class='ocr_line' id='line_1_15' title="bbox 257 2246 1232 2343; baseline 0.006 -26"><span class='ocrx_word' id='word_1_92' title='bbox 257 2246 342 2336; x_wconf 87' lang='lat' dir='ltr'>lani,</span> <span class='ocrx_word' id='word_1_93' title='bbox 367 2246 545 2336; x_wconf 90' lang='lat' dir='ltr'>Frobenii,</span> <span class='ocrx_word' id='word_1_94' title='bbox 572 2272 603 2319; x_wconf 91' lang='lat' dir='ltr'>a.</span> <span class='ocrx_word' id='word_1_95' title='bbox 633 2269 722 2343; x_wconf 86' lang='lat'>1519</span> <span class='ocrx_word' id='word_1_96' title='bbox 740 2267 867 2319; x_wconf 87' lang='lat' dir='ltr'>curata.</span> <span class='ocrx_word' id='word_1_97' title='bbox 916 2247 984 2318; x_wconf 89' lang='lat' dir='ltr'>Sed</span> <span class='ocrx_word' id='word_1_98' title='bbox 1012 2271 1083 2320; x_wconf 91' lang='lat' dir='ltr'>non</span> <span class='ocrx_word' id='word_1_99' title='bbox 1110 2273 1232 2323; x_wconf 83' lang='lat' dir='ltr'>ornnes</span> 
     </span>
     <span class='ocr_line' id='line_1_16' title="bbox 257 2363 1231 2463; baseline 0.005 -26"><span class='ocrx_word' id='word_1_100' title='bbox 257 2365 363 2439; x_wconf 88' lang='lat' dir='ltr'>libros</span> <span class='ocrx_word' id='word_1_101' title='bbox 381 2365 427 2437; x_wconf 89' lang='lat' dir='ltr'>ita</span> <span class='ocrx_word' id='word_1_102' title='bbox 442 2365 609 2454; x_wconf 81' lang='lat' dir='ltr'>habuisse,</span> <span class='ocrx_word' id='word_1_103' title='bbox 630 2366 804 2438; x_wconf 76' lang='lat' dir='ltr'>diversitas</span> <span class='ocrx_word' id='word_1_104' title='bbox 820 2363 996 2438; x_wconf 85' lang='lat' dir='ltr'>edentium</span> <span class='ocrx_word' id='word_1_105' title='bbox 1012 2366 1137 2463; x_wconf 86' lang='lat' dir='ltr'>arguit.</span> <span class='ocrx_word' id='word_1_106' title='bbox 1188 2373 1231 2442; x_wconf 92' lang='lat' dir='ltr'>ln</span> 
     </span>
     <span class='ocr_line' id='line_1_17' title="bbox 257 2483 1231 2583; baseline 0.004 -25"><span class='ocrx_word' id='word_1_107' title='bbox 257 2483 411 2558; x_wconf 86' lang='lat' dir='ltr'>editione</span> <span class='ocrx_word' id='word_1_108' title='bbox 429 2484 583 2582; x_wconf 88' lang='lat' dir='ltr'>principe</span> <span class='ocrx_word' id='word_1_109' title='bbox 607 2486 663 2578; x_wconf 90' lang='lat' dir='ltr'>Jo.</span> <span class='ocrx_word' id='word_1_110' title='bbox 682 2483 842 2581; x_wconf 73' lang='lat' dir='ltr'>Spirensis</span> <span class='ocrx_word' id='word_1_111' title='bbox 869 2486 963 2557; x_wconf 86' lang='lat' dir='ltr'>nulla</span> <span class='ocrx_word' id='word_1_112' title='bbox 991 2485 1040 2558; x_wconf 92' lang='lat' dir='ltr'>est</span> <span class='ocrx_word' id='word_1_113' title='bbox 1055 2484 1231 2583; x_wconf 85' lang='lat' dir='ltr'>inscriptio</span> 
     </span>
    </p>
   </div>
   <div class='ocr_carea' id='block_1_2' title="bbox 257 2601 1229 2819">
    <p class='ocr_par' dir='ltr' id='par_1_3' title="bbox 257 2601 1229 2819">
     <span class='ocr_line' id='line_1_18' title="bbox 257 2601 1229 2700; baseline 0.004 -25"><span class='ocrx_word' id='word_1_114' title='bbox 257 2625 316 2676; x_wconf 89' lang='lat' dir='ltr'>aut</span> <span class='ocrx_word' id='word_1_115' title='bbox 332 2601 531 2700; x_wconf 86' lang='lat' dir='ltr'>subscriptio</span> <span class='ocrx_word' id='word_1_116' title='bbox 549 2605 730 2692; x_wconf 91' lang='lat' dir='ltr'>librorum,</span> <span class='ocrx_word' id='word_1_117' title='bbox 745 2603 803 2675; x_wconf 77' lang='lat' dir='ltr'>nist</span> <span class='ocrx_word' id='word_1_118' title='bbox 826 2603 861 2675; x_wconf 93' lang='lat' dir='ltr'>in</span> <span class='ocrx_word' id='word_1_119' title='bbox 878 2603 1075 2676; x_wconf 84' lang='lat' dir='ltr'>Germania.</span> <span class='ocrx_word' id='word_1_120' title='bbox 1124 2608 1229 2680; x_wconf 87' lang='lat' dir='ltr'>Bero-</span> 
     </span>
     <span class='ocr_line' id='line_1_19' title="bbox 257 2721 1229 2819; baseline 0 -23"><span class='ocrx_word' id='word_1_121' title='bbox 257 2724 356 2796; x_wconf 87' lang='lat' dir='ltr'>aldus</span> <span class='ocrx_word' id='word_1_122' title='bbox 388 2721 549 2819; x_wconf 86' lang='lat' dir='ltr'>inscripfit</span> <span class='ocrx_word' id='word_1_123' title='bbox 578 2722 691 2793; x_wconf 85' lang='lat' dir='ltr'>Libros</span> <span class='ocrx_word' id='word_1_124' title='bbox 718 2723 926 2815; x_wconf 74' lang='lat' dir='ltr'>Historiarum</span> <span class='ocrx_word' id='word_1_125' title='bbox 953 2724 994 2792; x_wconf 82' lang='lat' dir='ltr'>ab</span> <span class='ocrx_word' id='word_1_126' title='bbox 1018 2724 1130 2815; x_wconf 75' lang='lat' dir='ltr'>exceffu</span> <span class='ocrx_word' id='word_1_127' title='bbox 1158 2724 1229 2796; x_wconf 84' lang='lat' dir='ltr'>Au·</span> 
     </span>
    </p>
   </div>
   <div class='ocr_carea' id='block_1_3' title="bbox 254 2840 1356 2947">
    <p class='ocr_par' dir='ltr' id='par_1_4' title="bbox 254 2840 1356 2947">
     <span class='ocr_line' id='line_1_20' title="bbox 254 2840 1356 2947; baseline 0.002 -34"><span class='ocrx_word' id='word_1_128' title='bbox 254 2844 337 2938; x_wconf 83' lang='lat' dir='ltr'>gusti</span> <span class='ocrx_word' id='word_1_129' title='bbox 345 2870 357 2914; x_wconf 93' lang='lat'>.·</span> <span class='ocrx_word' id='word_1_130' title='bbox 383 2869 426 2915; x_wconf 90' lang='lat' dir='ltr'>an</span> <span class='ocrx_word' id='word_1_131' title='bbox 452 2842 579 2915; x_wconf 91' lang='lat' dir='ltr'>elibro</span> <span class='ocrx_word' id='word_1_132' title='bbox 596 2841 657 2913; x_wconf 95' lang='lat' dir='ltr'>illo</span> <span class='ocrx_word' id='word_1_133' title='bbox 679 2840 1029 2931; x_wconf 88' lang='lat' dir='ltr'>Corbeio·Mediceo,</span> <span class='ocrx_word' id='word_1_134' title='bbox 1058 2867 1129 2915; x_wconf 94' lang='lat' dir='ltr'>non</span> <span class='ocrx_word' id='word_1_135' title='bbox 1153 2841 1230 2939; x_wconf 87' lang='lat' dir='ltr'>pos·</span> <span class='ocrx_word' id='word_1_136' title='bbox 1352 2940 1356 2947; x_wconf 25' lang='grc' dir='ltr'>Ι</span> 
     </span>
    </p>
   </div>
   <div class='ocr_carea' id='block_1_4' title="bbox 256 2959 1230 3058">
    <p class='ocr_par' dir='ltr' id='par_1_5' title="bbox 256 2959 1230 3058">
     <span class='ocr_line' id='line_1_21' title="bbox 256 2959 1230 3058; baseline -0.001 -25"><span class='ocrx_word' id='word_1_137' title='bbox 256 2959 333 3035; x_wconf 91' lang='lat' dir='ltr'>sum</span> <span class='ocrx_word' id='word_1_138' title='bbox 360 2961 488 3050; x_wconf 90' lang='lat' dir='ltr'>dicere,</span> <span class='ocrx_word' id='word_1_139' title='bbox 521 2986 602 3034; x_wconf 92' lang='lat' dir='ltr'>cum</span> <span class='ocrx_word' id='word_1_140' title='bbox 620 2959 705 3032; x_wconf 92' lang='lat' dir='ltr'>nihil</span> <span class='ocrx_word' id='word_1_141' title='bbox 722 2960 842 3034; x_wconf 88' lang='lat' dir='ltr'>diserte</span> <span class='ocrx_word' id='word_1_142' title='bbox 858 2980 1016 3034; x_wconf 90' lang='lat' dir='ltr'>notatum</span> <span class='ocrx_word' id='word_1_143' title='bbox 1032 2961 1230 3058; x_wconf 87' lang='lat' dir='ltr'>repererim.</span> 
     </span>
    </p>
   </div>
   <div class='ocr_carea' id='block_1_5' title="bbox 257 3079 1231 3177">
    <p class='ocr_par' dir='ltr' id='par_1_6' title="bbox 257 3079 1231 3177">
     <span class='ocr_line' id='line_1_22' title="bbox 257 3079 1231 3177; baseline -0.001 -22"><span class='ocrx_word' id='word_1_144' title='bbox 257 3081 351 3155; x_wconf 90' lang='lat' dir='ltr'>Illud</span> <span class='ocrx_word' id='word_1_145' title='bbox 378 3081 481 3153; x_wconf 89' lang='lat' dir='ltr'>video</span> <span class='ocrx_word' id='word_1_146' title='bbox 508 3107 528 3153; x_wconf 87' lang='lat' dir='ltr'>a</span> <span class='ocrx_word' id='word_1_147' title='bbox 557 3083 595 3175; x_wconf 89' lang='lat' dir='ltr'>J.</span> <span class='ocrx_word' id='word_1_148' title='bbox 621 3079 803 3152; x_wconf 89' lang='lat' dir='ltr'>Gronovio</span> <span class='ocrx_word' id='word_1_149' title='bbox 832 3079 1020 3176; x_wconf 90' lang='lat' dir='ltr'>proditum,</span> <span class='ocrx_word' id='word_1_150' title='bbox 1053 3080 1090 3152; x_wconf 93' lang='lat' dir='ltr'>in</span> <span class='ocrx_word' id='word_1_151' title='bbox 1119 3080 1231 3177; x_wconf 87' lang='lat' dir='ltr'>capite</span> 
     </span>
    </p>
   </div>
   <div class='ocr_carea' id='block_1_6' title="bbox 257 3198 1233 3889">
    <p class='ocr_par' dir='ltr' id='par_1_7' title="bbox 257 3198 1233 3889">
     <span class='ocr_line' id='line_1_23' title="bbox 258 3198 1230 3296; baseline -0.002 -23"><span class='ocrx_word' id='word_1_152' title='bbox 258 3201 305 3272; x_wconf 89' lang='lat' dir='ltr'>L.</span> <span class='ocrx_word' id='word_1_153' title='bbox 323 3202 385 3273; x_wconf 90' lang='lat'><em>111.</em></span> <span class='ocrx_word' id='word_1_154' title='bbox 402 3200 438 3271; x_wconf 92' lang='lat' dir='ltr'>in</span> <span class='ocrx_word' id='word_1_155' title='bbox 455 3199 514 3271; x_wconf 94' lang='lat' dir='ltr'>illo</span> <span class='ocrx_word' id='word_1_156' title='bbox 531 3200 661 3272; x_wconf 90' lang='lat' dir='ltr'>Codice</span> <span class='ocrx_word' id='word_1_157' title='bbox 678 3198 840 3296; x_wconf 90' lang='lat' dir='ltr'>scriptum</span> <span class='ocrx_word' id='word_1_158' title='bbox 856 3201 948 3272; x_wconf 85' lang='lat' dir='ltr'>effe:</span> <span class='ocrx_word' id='word_1_159' title='bbox 975 3199 1092 3294; x_wconf 85' lang='lat' dir='ltr'>Incipit</span> <span class='ocrx_word' id='word_1_160' title='bbox 1105 3198 1148 3270; x_wconf 89' lang='lat' dir='ltr'>L.</span> <span class='ocrx_word' id='word_1_161' title='bbox 1163 3200 1230 3272; x_wconf 86' lang='lat' dir='ltr'><em>III.</em></span> 
     </span>
     <span class='ocr_line' id='line_1_24' title="bbox 258 3316 1228 3414; baseline 0 -24"><span class='ocrx_word' id='word_1_162' title='bbox 258 3321 298 3390; x_wconf 88' lang='lat' dir='ltr'>ab</span> <span class='ocrx_word' id='word_1_163' title='bbox 325 3320 436 3411; x_wconf 74' lang='lat' dir='ltr'>exceffu</span> <span class='ocrx_word' id='word_1_164' title='bbox 463 3319 605 3414; x_wconf 77' lang='lat' dir='ltr'>Augusti.</span> <span class='ocrx_word' id='word_1_165' title='bbox 656 3320 845 3393; x_wconf 85' lang='lat' dir='ltr'>Rhenanus</span> <span class='ocrx_word' id='word_1_166' title='bbox 877 3319 1014 3389; x_wconf 83' lang='lat' dir='ltr'>Annales</span> <span class='ocrx_word' id='word_1_167' title='bbox 1040 3316 1228 3412; x_wconf 80' lang='lat' dir='ltr'>inscripsit:</span> 
     </span>
     <span class='ocr_line' id='line_1_25' title="bbox 258 3433 1232 3534; baseline -0.005 -24"><span class='ocrx_word' id='word_1_168' title='bbox 258 3438 356 3534; x_wconf 93' lang='lat' dir='ltr'>quod</span> <span class='ocrx_word' id='word_1_169' title='bbox 374 3438 567 3511; x_wconf 90' lang='lat' dir='ltr'>constanter</span> <span class='ocrx_word' id='word_1_170' title='bbox 584 3461 705 3511; x_wconf 90' lang='lat' dir='ltr'>omnes</span> <span class='ocrx_word' id='word_1_171' title='bbox 729 3436 836 3511; x_wconf 92' lang='lat' dir='ltr'>secuti</span> <span class='ocrx_word' id='word_1_172' title='bbox 853 3435 931 3510; x_wconf 92' lang='lat' dir='ltr'>sunt</span> <span class='ocrx_word' id='word_1_173' title='bbox 953 3434 1060 3532; x_wconf 89' lang='lat' dir='ltr'>usque</span> <span class='ocrx_word' id='word_1_174' title='bbox 1080 3435 1124 3506; x_wconf 91' lang='lat' dir='ltr'>ad</span> <span class='ocrx_word' id='word_1_175' title='bbox 1141 3433 1232 3532; x_wconf 86' lang='lat' dir='ltr'>Lip-</span> 
     </span>
     <span class='ocr_line' id='line_1_26' title="bbox 259 3552 1233 3653; baseline 0 -25"><span class='ocrx_word' id='word_1_176' title='bbox 259 3559 372 3641; x_wconf 88' lang='lat' dir='ltr'>sium;</span> <span class='ocrx_word' id='word_1_177' title='bbox 400 3557 459 3653; x_wconf 92' lang='lat' dir='ltr'>qui</span> <span class='ocrx_word' id='word_1_178' title='bbox 479 3576 651 3653; x_wconf 88' lang='lat' dir='ltr'>receptam</span> <span class='ocrx_word' id='word_1_179' title='bbox 677 3556 784 3629; x_wconf 90' lang='lat' dir='ltr'>hodie</span> <span class='ocrx_word' id='word_1_180' title='bbox 809 3554 980 3628; x_wconf 90' lang='lat' dir='ltr'>rationem</span> <span class='ocrx_word' id='word_1_181' title='bbox 1002 3552 1157 3626; x_wconf 87' lang='lat' dir='ltr'>invexit:</span> <span class='ocrx_word' id='word_1_182' title='bbox 1187 3555 1233 3629; x_wconf 85' lang='lat' dir='ltr'>do</span> 
     </span>
     <span class='ocr_line' id='line_1_27' title="bbox 257 3671 1231 3772; baseline 0.001 -26"><span class='ocrx_word' id='word_1_183' title='bbox 257 3699 328 3771; x_wconf 86' lang='lat' dir='ltr'>qua</span> <span class='ocrx_word' id='word_1_184' title='bbox 356 3674 425 3772; x_wconf 85' lang='lat' dir='ltr'>ipse</span> <span class='ocrx_word' id='word_1_185' title='bbox 453 3674 528 3749; x_wconf 86' lang='lat' dir='ltr'>satis</span> <span class='ocrx_word' id='word_1_186' title='bbox 554 3673 655 3750; x_wconf 83' lang='lat' dir='ltr'>dixit.</span> <span class='ocrx_word' id='word_1_187' title='bbox 704 3677 783 3748; x_wconf 92' lang='lat' dir='ltr'>Nec</span> <span class='ocrx_word' id='word_1_188' title='bbox 813 3675 848 3747; x_wconf 92' lang='lat' dir='ltr'>in</span> <span class='ocrx_word' id='word_1_189' title='bbox 874 3671 1088 3770; x_wconf 84' lang='lat' dir='ltr'>praenomine</span> <span class='ocrx_word' id='word_1_190' title='bbox 1114 3674 1231 3747; x_wconf 86' lang='lat' dir='ltr'>Taciti</span> 
     </span>
     <span class='ocr_line' id='line_1_28' title="bbox 258 3790 1229 3889; baseline 0.001 -23"><span class='ocrx_word' id='word_1_191' title='bbox 258 3793 482 3867; x_wconf 89' lang='lat' dir='ltr'>consentiunt.</span> <span class='ocrx_word' id='word_1_192' title='bbox 532 3797 567 3889; x_wconf 93' lang='lat' dir='ltr'>J.</span> <span class='ocrx_word' id='word_1_193' title='bbox 584 3793 785 3867; x_wconf 87' lang='lat' dir='ltr'>Gronovius</span> <span class='ocrx_word' id='word_1_194' title='bbox 812 3818 831 3865; x_wconf 96' lang='lat' dir='ltr'>e</span> <span class='ocrx_word' id='word_1_195' title='bbox 848 3791 1012 3864; x_wconf 89' lang='lat' dir='ltr'>Mediceo</span> <span class='ocrx_word' id='word_1_196' title='bbox 1037 3790 1167 3888; x_wconf 84' lang='lat' dir='ltr'>profert</span> <span class='ocrx_word' id='word_1_197' title='bbox 1184 3794 1229 3867; x_wconf 89' lang='lat' dir='ltr'>P.</span> 
     </span>
    </p>
   </div>
   <div class='ocr_carea' id='block_1_7' title="bbox 259 3912 1231 4019">
    <p class='ocr_par' dir='ltr' id='par_1_8' title="bbox 259 3912 1231 4019">
     <span class='ocr_line' id='line_1_29' title="bbox 259 3912 1231 4019; baseline 0.006 -34"><span class='ocrx_word' id='word_1_198' title='bbox 259 3913 292 3999; x_wconf 64' lang='grc' dir='ltr'>δι</span> <span class='ocrx_word' id='word_1_199' title='bbox 310 3912 346 3988; x_wconf 91' lang='lat' dir='ltr'>id</span> <span class='ocrx_word' id='word_1_200' title='bbox 362 3915 394 3990; x_wconf 91' lang='lat' dir='ltr'>ei</span> <span class='ocrx_word' id='word_1_201' title='bbox 409 3913 568 3991; x_wconf 89' lang='lat' dir='ltr'>tribuitur</span> <span class='ocrx_word' id='word_1_202' title='bbox 583 3914 619 3991; x_wconf 87' lang='lat' dir='ltr'>in</span> <span class='ocrx_word' id='word_1_203' title='bbox 632 3914 711 3988; x_wconf 90' lang='lat' dir='ltr'>edd.</span> <span class='ocrx_word' id='word_1_204' title='bbox 732 3933 814 3989; x_wconf 86' lang='lat' dir='ltr'>vett.</span> <span class='ocrx_word' id='word_1_205' title='bbox 828 3913 908 3988; x_wconf 86' lang='lat' dir='ltr'>inde</span> <span class='ocrx_word' id='word_1_206' title='bbox 925 3938 947 3986; x_wconf 87' lang='lat' dir='ltr'>a</span> <span class='ocrx_word' id='word_1_207' title='bbox 961 3913 1144 4006; x_wconf 85' lang='lat' dir='ltr'>Beroaldo,</span> <span class='ocrx_word' id='word_1_208' title='bbox 1168 3914 1231 4019; x_wconf 89' lang='lat' dir='ltr'>qui</span> 
     </span>
    </p>
   </div>
   <div class='ocr_carea' id='block_1_8' title="bbox 0 0 1499 5138">
    <p class='ocr_par' dir='ltr' id='par_1_9' title="bbox 0 0 1499 5138">
     <span class='ocr_line' id='line_1_30' title="bbox 0 0 1499 5138; baseline 0 0"><span class='ocrx_word' id='word_1_209' title='bbox 0 0 1499 5138; x_wconf 95' lang='lat' dir='ltr'> </span> 
     </span>
    </p>
   </div>
  </div>
 </body>
</html>
