2986 5138
475 548 1009 669 Auuntroqustlv.
1156 619 1221 693 25¹

255 770 499 870 Qrinelilium,
516 770 675 861 divitem,
693 775 726 842 δι
744 771 866 844 Caesari
879 772 1129 869 propinquum,
1152 774 1229 844 Do-

256 891 374 965 mitius
403 889 502 979 Aser,
528 889 683 962 Claudiae
702 892 875 980 Pulchrae,
904 891 1020 962 matris
1037 889 1120 988 ejus,
1143 917 1228 965 con-

256 1013 463 1094 demnator;
499 1009 597 1080 nullo
630 1008 789 1097 mirante,
824 1009 920 1106 quod
952 1008 1015 1081 diu
1043 1035 1161 1106 egeus,
1194 1015 1227 1082 &

257 1150 355 1226 parto
381 1154 492 1224 nuper
517 1127 664 1224 praemio
693 1129 783 1200 male
805 1128 896 1216 usus,
924 1129 1023 1223 plura
1039 1130 1082 1200 ad
1099 1127 1230 1226 flagitia

255 1249 504 1346 accingeretur.
553 1247 720 1320 Publium
754 1249 975 1320 Dolabellam
1003 1246 1133 1320 socium
1166 1249 1228 1320 de·

256 1367 391 1439 lationis
414 1366 587 1456 exstitisse,
616 1366 782 1438 miraculo
805 1387 889 1455 erat,
909 1366 990 1464 quia
1006 1367 1103 1439 claris
1121 1367 1228 1466 majo-

255 1487 366 1576 ribus,
395 1491 428 1559 &
449 1488 541 1557 Varo
563 1510 754 1573 connexus,
780 1484 877 1558 suam
904 1486 974 1583 ipse
994 1485 1226 1578 nobilitatem,

257 1605 357 1679 suum
384 1604 586 1702 sanguinem
620 1605 794 1700 perditum
822 1604 904 1677 ibat.
956 1606 1096 1678 Restitit
1111 1627 1228 1681 tamen

257 1723 405 1813 senatus,
446 1729 480 1797 δε
520 1724 813 1820 “opperiendum
852 1726 1122 1819 Imperatorem''
1148 1751 1227 1798 cen-

257 1842 347 1916 suit:
373 1844 469 1939 quod
487 1869 612 1932 unum,
631 1843 830 1940 urgentium
845 1845 1018 1916 malorum
1040 1843 1229 1943 suffugium

257 1961 294 2035 in
318 1982 455 2058 tempus
480 1983 560 2035 erat.
1100 2038 1101 2042 ,

306 2084 457 2154 LXVII.
484 2088 544 2155 Ar
572 2082 710 2154 Casta
739 2081 903 2155 dedicatis
921 2108 981 2179 per
997 2082 1228 2178 Campaniam

257 2200 413 2296 templis,
448 2226 662 2298 quamquam
680 2201 794 2273 edicto
812 2202 1009 2290 monuisset,
1042 2209 1068 2244 “
1084 2227 1127 2274 ne
1153 2202 1229 2301 quis

259 2320 459 2417 “quietem
485 2319 556 2418 ejus
585 2320 835 2416 inrumperet,'’
860 2318 1110 2417 concursusque
1126 2320 1228 2417 oppi-

256 2442 427 2513 danorum
452 2439 614 2537 disposrto
634 2439 744 2512 milite
768 2438 1055 2535 prohiberentut3
1089 2439 1228 2535 perosus

258 2579 375 2633 tamen
393 2558 595 2655 municipia,
619 2563 652 2630 ἃ
672 2558 837 2646 colonias,
861 2557 1048 2653 omniaque
1065 2556 1100 2628 in
1117 2559 1227 2630 conti-

258 2679 354 2752 nenti
383 2682 455 2767 fita,
481 2678 629 2774 Capreas
652 2676 685 2750 se
713 2677 749 2748 in
775 2675 920 2749 insulam
947 2677 1094 2766 abdidit,
1124 2678 1229 2751 trium

258 2797 408 2871 millium
425 2794 514 2868 freto
539 2798 583 2868 ab
611 2795 772 2869 extremis
788 2795 973 2869 Surrentini
1000 2798 1228 2892 promontorii

259 2917 476 3016 disjunstam.
536 2914 766 2988 Solitudinem
793 2913 863 3012 ejus
892 2915 1052 3011 placuisse
1078 2918 1230 2991 rnaximd
1311 2952 1315 2965 ·

259 3034 477 3122 crediderim,
497 3033 663 3131 quoniam
681 3032 930 3130 importuosum
949 3034 1039 3106 circa
1062 3061 1168 3137 mare,
1195 3042 1228 3109 &

259 3154 321 3226 vix
335 3152 478 3226 modicis
496 3153 642 3251 navigiis
659 3178 771 3250 pauca
784 3151 945 3237 subfidia3
962 3178 1073 3250 neque
1086 3156 1229 3251 adpule-

259 3274 300 3346 rit
318 3272 511 3370 quisquam,
538 3274 597 3344 nist
627 3297 735 3369 gnaro
752 3272 914 3347 custode:
946 3272 1021 3344 caeli
1045 3275 1229 3369 temperies

258 3392 373 3465 hieme
394 3391 500 3481 mitis,
527 3390 663 3489 objestu
682 3390 825 3479 montis,
855 3416 927 3487 quo
939 3389 1028 3463 saeva
1045 3411 1230 3468 ventorum

257 3532 436 3586 arcentur:
467 3509 561 3582 aestas
591 3510 627 3582 in
656 3510 851 3583 Favonium
868 3507 1022 3597 obversa,
1053 3513 1230 3608 &aperto

257 3631 389 3705 circum
416 3630 541 3726 pelago
570 3655 793 3726 peramoena3
818 3626 1125 3724 prospestabatque
1149 3633 1228 3727 pul-

256 3751 469 3823 cherrimum
492 3752 615 3837 smum,
638 3769 825 3844 antequam
847 3744 1012 3818 Vesuvius
1042 3772 1142 3820 mons
1175 3776 1228 3823 ar·

257 3868 396 3941 descens
413 3866 535 3941 faciem
554 3866 622 3940 loci
640 3886 797 3939 verteret.
847 3867 987 3936 Graecos
1015 3889 1054 3937 ea
1071 3868 1226 3959 tenuiffe,

257 3986 474 4086 Capreasque
489 3985 653 4064 Telebois
670 3984 851 4073 habitatas,
882 3980 974 4056 sama
997 3985 1110 4058 tradit.
1159 3989 1227 4064 Sed
