2986 5138
243 648 311 722 150
447 611 1034 693 C.Connrn11Tncrr1

239 795 282 869 rit
321 793 507 891 “qualem
543 789 621 862 Piso
642 789 735 861 diem
757 785 969 882 supremum,
1001 781 1209 877 nollemque

241 922 269 958 “
289 912 490 1010 exegisset.’'
513 914 634 1005 Atque
652 908 712 978 illo
732 907 894 1001 pleraque
911 898 1092 996 sapienter,
1113 926 1208 996 quae·

238 1033 322 1107 dam
360 1027 581 1103 inconsultius
617 1023 857 1122 respondente,
894 1019 1010 1091 recitat
1028 1018 1209 1091 codicillos

237 1174 259 1223 a
292 1148 412 1222 Pisone
446 1147 481 1219 in
517 1149 609 1219 hunc
645 1142 751 1216 senne
785 1141 932 1214 modurn
967 1141 1204 1232 compofitos:

238 1278 267 1316 “
285 1267 547 1364 Conspiratione
564 1263 780 1337 inimicorum
815 1264 848 1331 δι
883 1255 1013 1331 invidia
1041 1254 1111 1327 salsi
1141 1255 1205 1327 cri-

238 1397 268 1433 “
287 1388 389 1461 minis
406 1387 595 1483 oppressus,
632 1401 800 1478 quatenus
816 1376 950 1451 veritati
981 1378 1014 1446 ἃ
1043 1374 1207 1447 innocen·

239 1514 268 1552 “
287 1508 343 1580 tiae
360 1531 447 1578 meae
465 1502 632 1599 nusquam
668 1502 765 1572 locus
793 1498 853 1587 est,
884 1496 967 1567 deos
996 1493 1207 1566 immortales

240 1635 269 1672 ‘⁴
288 1625 402 1712 testor,
433 1620 554 1692 vixisse
583 1643 653 1707 me,
681 1616 806 1706 Caesar,
839 1640 920 1687 cnm
938 1612 1008 1686 fide
1025 1612 1205 1684 adversum

239 1755 267 1791 “
285 1766 331 1831 te,
352 1764 463 1835 neque
480 1737 544 1809 alia
563 1737 597 1808 in
615 1756 761 1809 matrem
779 1756 876 1806 tuam
895 1733 1044 1829 pietate:
1077 1729 1205 1826 vosque

239 1871 347 1933 “oro
382 1855 496 1929 liberis
531 1853 617 1926 meis
652 1853 860 1926 consulatis:
898 1876 942 1923 ex
978 1847 1104 1946 quibus
1138 1850 1205 1923 Cn.

237 1975 360 2051 “Piso
378 1973 624 2070 qualicumque
657 1968 804 2045 fortunae
840 1996 928 2042 meae
957 1993 1028 2041 non
1062 1967 1110 2041 est
1143 1967 1204 2040 ad-

237 2104 266 2142 “
278 2094 432 2193 june‘lus,
469 2090 551 2160 clun
569 2114 674 2160 omne
692 2091 759 2160 hoc
778 2099 914 2184 temp'us
944 2088 979 2160 in
1007 2088 1107 2159 Urbe
1124 2111 1205 2184 ege-

238 2222 266 2259 “
285 2211 354 2284 rit:
385 2210 441 2280 M.
459 2205 537 2278 Piso
555 2226 705 2302 repetere
722 2206 854 2301 Syriam
890 2207 1090 2279 dehortatus
1124 2205 1172 2277 est
1193 2233 1202 2277 ε

236 2340 265 2376 “
283 2349 388 2424 atque
403 2325 539 2397 utinam
558 2349 625 2420 ego
645 2324 758 2420 potius
785 2325 858 2396 filio
869 2323 1005 2422 juveni,
1025 2325 1132 2421 quim
1149 2323 1206 2397 ille

237 2445 369 2543 “patri
405 2443 473 2515 seni
503 2443 674 2514 cessisset!
709 2441 750 2514 eo
779 2441 965 2538 impensius
1000 2467 1133 2540 precor,
1167 2467 1212 2515 ne

236 2573 265 2610 ‘⁴
284 2589 371 2636 meae
392 2559 568 2659 pravitatis
587 2584 706 2657 poenas
731 2558 894 2633 innoxius
914 2563 997 2635 luat.
1021 2563 1087 2634 Per
1104 2560 1204 2660 quin-

234 2690 264 2728 “
283 2687 403 2777 que&
433 2678 661 2776 quadraginta
693 2704 862 2752 annorum
890 2680 1108 2778 obsequium,
1145 2704 1205 2775 per

234 2808 262 2843 “
290 2797 476 2896 collegium
505 2796 697 2871 consulatus
723 2800 902 2894 quondam
930 2801 1014 2874 divo
1042 2799 1204 2897 Augusto

234 2925 262 2961 “
283 2916 414 3012 parenti
432 2935 492 2987 tuo
512 2918 685 3012 probatus,
718 2922 751 2990 δι
770 2917 832 2989 tibi
856 2919 1000 3008 amicus,
1019 2944 1083 2991 nec
1102 2919 1202 3015 quid·

233 3041 261 3077 “
280 3059 385 3129 qnam
406 3034 479 3129 post
498 3037 571 3106 lraee
591 3058 786 3132 rogaturus,
821 3035 964 3110 salutem
979 3037 1123 3111 infelicis
1143 3038 1203 3113 lilii

234 3159 261 3195 “
279 3154 404 3247 rogo.”
436 3154 492 3224 De
509 3154 672 3226 Plancina
690 3154 773 3225 nihil
791 3156 936 3228 addidit.

279 3272 395 3346 XVll.
419 3273 518 3342 Posr
548 3297 624 3367 quae
659 3272 819 3346 Tiberius
854 3273 1105 3348 adolescentem
1135 3277 1200 3350 cri-

230 3391 325 3464 mine
343 3388 454 3462 civilis
471 3390 553 3462 belli
573 3392 760 3489 purgavit:
784 3402 810 3435 “
831 3394 932 3490 patris
951 3395 1082 3491 quippe
1094 3394 1196 3492 jussa,

232 3519 259 3554 “
279 3536 342 3582 nec
373 3510 517 3605 potuill'e
545 3509 657 3582 filium
684 3512 873 3585 detrectare
890 3516 925 3584 :”
957 3517 1053 3585 firnul
1091 3522 1117 3555 “
1138 3542 1199 3588 no-

232 3636 259 3670 “
279 3629 446 3701 bilitatern
464 3631 604 3718 domus,
642 3629 745 3702 etiam
768 3630 884 3727 ipsius,
921 3659 1064 3729 quoquo
1093 3635 1202 3705 modo

233 3755 260 3789 “
280 3748 404 3835 meriti,
435 3772 576 3844 gravem
607 3746 745 3825 casum’'
776 3750 960 3824 miseratus.
1012 3756 1079 3826 Pro
1096 3756 1199 3825 Plan-

232 3865 308 3938 cin-sa
326 3892 406 3937 eum
443 3868 575 3960 pudore
610 3870 643 3937 &
679 3867 811 3964 flagitio
829 3871 1011 3960 differuit,·'
1033 3878 1061 3915 “
1082 3873 1200 3945 matris

233 3990 258 4033 “
278 3985 418 4091 preces''
448 3985 665 4058 obtendens:
703 3985 739 4059 in
767 4014 874 4084 quam
892 3977 1017 4087 optimi
1036 3989 1200 4090 cujusque
