2986 5138
1105 503 1146 580 ix

168 671 267 748 usum
296 667 383 745 mihi
408 669 628 768 impetraret;
653 670 711 746 sed
738 668 822 744 nihil
849 667 984 743 efficere
1011 664 1139 765 potuit,

167 817 250 864 cum
267 815 349 864 eum
365 789 504 887 reperiri
521 817 542 864 a
566 789 597 864 se
614 791 758 888 potuiffe
773 781 928 888 negaret,
946 784 1006 883 qui
1022 811 1141 860 curam

168 909 390 983 Bibliotheca
407 910 521 982 habet.
563 912 672 982 Fama
687 909 791 982 etiam
807 908 986 1004 quondam
1009 903 1072 979 fuit
1095 904 1141 978 de

168 1028 301 1101 Codice
316 1027 459 1124 antiquo
475 1028 603 1117 Taciti,
633 1029 693 1126 qui
719 1029 920 1125 Bambergae
941 1024 1140 1098 servaretur.

169 1147 236 1220 Sed
253 1147 376 1219 Franc.
394 1145 554 1236 Modius,
585 1147 796 1243 aLipsrode
809 1170 852 1218 eo
873 1141 1057 1233 consultus,
1087 1167 1140 1215 re·

62 1293 65 1299 ’
170 1263 296 1360 scripsit
320 1265 385 1359 (T.
406 1266 601 1338 1.Collecl.
629 1291 685 1364 cp.
705 1269 822 1339 Burtu.
840 1290 875 1360 p.
899 1264 998 1358 107.)
1022 1259 1142 1336 falsam

167 1382 265 1456 illam
281 1382 410 1457 famam
427 1386 508 1474 effe,
534 1385 803 1482 necquicquam
824 1381 875 1456 ibi
901 1379 1056 1478 reperiri,
1081 1382 1143 1453 nist

167 1527 294 1599 paucas
321 1502 474 1577 elibello
490 1504 536 1576 de
556 1504 712 1578 moribus
737 1506 994 1576 Germanorum
1017 1501 1141 1600 plagu-

167 1622 229 1711 las,
260 1620 383 1719 easque
400 1623 529 1697 recenti
546 1622 813 1721 manuscriptas.

214 1740 325 1814 Multi
344 1762 506 1838 praeterea
522 1743 578 1815 alii
595 1743 743 1816 Codices
754 1743 869 1815 adhuc
885 1743 991 1815 latent
1007 1740 1044 1812 in
1058 1740 1141 1815 Bib-

166 1858 336 1950 liothecis,
367 1861 526 1934 nondum
550 1861 730 1958 excerpti:
766 1887 786 1934 e
813 1859 953 1956 quibus,
977 1884 1048 1932 non
1075 1860 1142 1932 du·

168 1977 257 2067 bito,
287 1979 372 2075 quin
388 1979 519 2076 aliquid
535 1982 637 2054 bonae
665 1976 777 2077 frugis
793 1977 912 2075 colligi
940 1981 1050 2075 poffit.
1100 1980 1142 2050 In

165 2095 299 2171 Msstis
324 2097 545 2171 Bibliothecae
571 2098 742 2172 Mediceae
770 2116 837 2171 tres
861 2098 1141 2170 membranaceos

166 2215 434 2290 commemorari
446 2216 564 2307 video,
582 2219 626 2289 ab
638 2215 821 2315 antiquiori
838 2215 912 2305 illo,
926 2240 1031 2313 quem
1042 2219 1139 2289 Lan-

167 2334 395 2432 gobardicum
413 2356 553 2426 vocant,
582 2335 743 2428 diversos,
772 2336 809 2408 in
825 2336 942 2432 pluteo
960 2338 1017 2408 68.
1045 2335 1141 2432 apud

165 2454 317 2532 eundem
340 2453 661 2528 Montefalconium
693 2481 728 2552 p.
750 2479 830 2552 374.
855 2480 876 2527 a
905 2453 1032 2551 quibus
1056 2474 1141 2550 puto

164 2598 236 2646 non
252 2569 403 2646 diversos
420 2574 501 2662 effe,
531 2599 618 2671 quos
635 2574 787 2649 Pichena
812 2573 992 2671 aliquoties
1021 2575 1139 2650 laudat

167 2691 311 2767 innotis
339 2693 383 2765 ad
400 2693 576 2767 Tacitum.
627 2694 758 2792 Repeti
776 2693 879 2768 etiam
896 2720 917 2768 a
931 2696 973 2766 P.
989 2693 1144 2766 Vidlorio

165 2811 347 2908 antiquum
378 2811 547 2886 Codicem
571 2812 686 2886 Taciti
715 2816 890 2887 Venetum
916 2802 1141 2887 Bibliothecae

165 2933 199 3005 S.
215 2930 330 3005 Marci
346 2931 491 3021 laudati,
510 2932 554 3004 ad
570 2931 647 3007 Cic.
667 2958 722 3029 ep.
739 2935 788 3022 ll,
810 2958 864 3005 12.
892 2957 1000 3030 quent
1022 2949 1141 3004 tamen

165 3046 288 3123 frustra
303 3050 340 3122 in
356 3050 524 3148 Catalogo
540 3052 642 3124 MSS.
666 3049 738 3148 ejus
765 3051 1001 3140 Bibliothecae,
1023 3053 1069 3124 ab
1086 3052 1141 3124 lll.

165 3170 354 3266 Theupolo
381 3169 489 3259 edito,
522 3168 672 3267 quaesivi.
722 3171 817 3243 Nam
845 3170 983 3258 Codex,
1005 3168 1074 3267 ·qui
1104 3195 1139 3241 n.

167 3289 438 3363 CCCLXXXI.
468 3288 665 3378 exhibetur,
695 3288 829 3384 fuitque
856 3287 1071 3375 Bcffarionis,
1108 3312 1140 3359 a.

171 3432 273 3506 1453·
301 3409 447 3481 demum
463 3407 626 3482 Bononiae
643 3406 788 3502 scriptus
805 3405 867 3494 est,
898 3430 961 3477 nec
986 3404 1140 3478 Victorio

165 3527 324 3625 antiquus
340 3527 453 3601 didius
479 3523 603 3600 fuillet.
651 3526 814 3599 Ceterum
835 3525 902 3597 hoc
929 3521 1061 3595 fortaffe
1077 3547 1138 3595 ex-

167 3649 285 3742 emplo
314 3648 471 3719 firmetur
495 3643 601 3735 fama,
624 3670 703 3741 quae
731 3642 775 3716 de
799 3639 987 3715 Codicibus
1009 3640 1139 3715 Biblio-

166 3766 275 3838 thecae
304 3767 460 3855 Venetae,
486 3764 524 3841 in
541 3762 661 3861 primis
677 3788 721 3836 ex
750 3761 806 3852 iis,
836 3760 995 3853 traditur,
1029 3759 1140 3859 quia

165 3883 360 3962 Bellarione
392 3908 523 3961 nomen
554 3884 717 3976 habuere,
759 3879 956 3957 subductis:
992 3883 1037 3956 de
1066 3908 1138 3982 qua
