2986 5138
322 606 392 678 230
546 582 588 653 C.
627 582 872 655 Conurrrt
902 578 1081 654 Tncrrr

323 749 350 783 “
370 741 612 838 conjunclione
634 747 773 822 Caesaris
800 748 927 846 dignus
953 749 1177 821 crederetur:
1207 743 1295 818 hinc

323 869 351 904 “
368 862 506 937 initium
522 865 601 962 spei.
654 870 701 938 Et
718 867 882 964 quoniam
894 866 1062 939 audiverit
1076 863 1293 963 Augustum,

324 987 352 1024 “
369 981 405 1054 in
421 987 635 1057 conlocandd
647 986 729 1074 filit,
753 985 909 1058 nonnihil
926 985 1030 1059 etiam
1054 986 1099 1057 de
1115 982 1294 1081 equitibus

324 1103 542 1176 “Romanis
570 1103 831 1178 consultaviffe:
880 1106 926 1178 ita
958 1109 980 1178 fi
1009 1103 1150 1191 maritus
1176 1100 1295 1174 Liviae

323 1225 353 1262 “
372 1243 593 1317 quaereretur,
611 1225 751 1297 haberet
766 1225 802 1296 in
819 1226 935 1297 animo
952 1223 1119 1313 amicum,
1140 1220 1209 1294 sold
1230 1244 1294 1293 ne·

323 1341 573 1413 “celsitudinis
602 1342 710 1438 gloril
729 1341 878 1416 usurum.
928 1345 1014 1415 Non
1043 1341 1137 1413 enim
1163 1363 1294 1413 exuere

323 1466 350 1501 “
369 1458 528 1554 imposta
544 1461 682 1532 munia:
709 1460 784 1535 satis
802 1463 985 1552 aestimare‚
1001 1461 1126 1533 firmari
1141 1460 1294 1533 domum

322 1584 350 1620 “
369 1578 555 1650 adversum
584 1578 719 1676 iniquas
746 1581 954 1678 Agrippinae
980 1581 1204 1666 offenfiones;
1236 1579 1292 1652 id·

323 1704 351 1740 “
370 1723 438 1794 que
463 1698 651 1770 liberorum
680 1703 791 1773 causlr.
840 1703 936 1773 Nam
967 1699 1027 1773 fibi
1055 1700 1205 1772 multum
1234 1697 1292 1771 su·

324 1821 503 1913 “perque
532 1816 612 1890 vitae
641 1816 726 1908 sore,
753 1819 850 1917 quod
872 1818 930 1892 tali
947 1845 1028 1892 cum
1043 1816 1203 1924 l'rineipe
1227 1841 1292 1890 ex·

322 1941 351 1978 “
372 1934 564 2032 plevisset.''
1037 1994 1043 2007 ,

370 2059 454 2130 XL.
480 2061 542 2128 An
574 2080 625 2130 nn
652 2056 827 2147 Tiberius,
858 2055 994 2131 laudatd
1019 2056 1144 2154 pietate
1164 2056 1293 2156 Sejani,

321 2175 454 2274 suisque
481 2174 516 2246 in
539 2201 622 2249 eum
638 2176 813 2249 beneficiis
840 2175 977 2249 modice
1005 2180 1182 2272 percursis,
1206 2177 1292 2250 clim

321 2316 461 2391 tempus
477 2314 657 2391 tamquam
674 2296 719 2367 ad
746 2295 917 2393 integram
933 2293 1217 2369 consultationem
1229 2320 1291 2392 pe·

319 2416 458 2503 tivifl'et,
483 2411 653 2509 adjunxit.
689 2414 856 2487 “Ceteris
873 2415 1075 2489 mortalibus
1092 2416 1128 2489 in
1144 2440 1187 2488 eo
1203 2415 1295 2490 stare

322 2542 350 2578 “
369 2533 522 2622 consilia,
548 2532 634 2628 quid
664 2533 723 2605 nbi
756 2536 953 2607 conducere
978 2555 1125 2632 putent:
1155 2535 1289 2608 Princi-

322 2659 455 2748 “pum
488 2649 659 2722 diversam
687 2653 753 2724 esse
780 2651 919 2743 sortem,
952 2654 1078 2750 quibus
1117 2655 1290 2751 praecipua

322 2778 350 2814 “
368 2796 483 2842 rerum
500 2770 542 2840 ad
562 2768 691 2842 samam
708 2770 912 2867 dirigenda:
945 2773 1023 2846 ideo
1056 2771 1088 2846 se
1110 2799 1181 2845 non
1205 2773 1288 2847 illuc

320 2895 348 2933 “
366 2891 559 2978 decurrere,
592 2893 687 2986 quod
727 2912 930 2989 promptum
968 2892 1156 2990 rescriptu:
1192 2897 1289 2990 posse

319 3009 472 3106 “ipsam
501 3010 641 3082 Livium
671 3012 829 3098 statuere,
857 3015 1062 3085 nubendum
1093 3014 1168 3109 post
1194 3016 1287 3086 Dru·

320 3137 347 3172 “
366 3127 453 3217 sum,
482 3155 525 3199 an
543 3130 577 3199 in
596 3131 775 3225 penatibus
791 3129 909 3204 iisdem
937 3134 1157 3204 tolerandum
1182 3135 1287 3207 habe·

320 3258 346 3292 “
365 3271 439 3321 ret:
467 3251 532 3321 esse
561 3250 608 3321 illi
624 3256 818 3323 matrem&
853 3252 983 3340 aviam,
1014 3252 1175 3348 propiora
1198 3279 1283 3325 con-

319 3378 345 3412 “
365 3370 455 3442 filia:
487 3369 669 3465 simplicius
703 3372 883 3442 aelurum:
915 3372 959 3442 de
993 3370 1178 3443 inimicitiis
1213 3372 1284 3467 pri-

318 3498 345 3533 “
366 3489 465 3561 mum
494 3488 722 3585 Agrippinae:
764 3515 848 3584 quas
878 3489 982 3587 longe
1011 3490 1121 3563 acrid's
1145 3489 1283 3580 arsuras,

317 3613 345 3651 “
362 3612 385 3679 fi
403 3607 665 3679 matrimonium
682 3606 809 3696 Liviae,
829 3611 923 3681 velut
940 3609 977 3680 in
996 3630 1121 3707 partes,
1134 3611 1283 3683 domum

316 3734 343 3770 “
360 3725 531 3797 Caesotum
546 3725 767 3798 distraxisset:
795 3731 838 3799 fic
867 3754 1007 3824 quoque
1031 3754 1210 3825 erumpere
1239 3755 1284 3801 ae-

315 3854 343 3888 “
362 3846 588 3918 mulationem
618 3845 838 3934 seminarum,
878 3851 985 3944 elque
1015 3847 1183 3921 discordizl
1220 3874 1281 3919 ne-

315 3972 456 4061 “potes
483 3963 559 4038 suos
587 3963 758 4039 convelli:
783 3965 870 4063 quid
895 3971 918 4040 st
946 3967 1142 4042 intendatur
1173 3988 1281 4044 eertu-
