2986 5138
266 547 335 634 184
477 541 1056 617 econnaaurncm

265 723 294 760 “
311 718 467 812 templo:
495 742 608 815 neque
634 714 814 790 Persarum
835 715 980 805 ditione,
1006 716 1229 793 deminutum

264 843 292 879 “
302 834 372 934 jus.
420 835 501 908 Post
511 837 739 926 Macedonas,
764 835 846 908 dein
861 860 925 907 nos
946 833 1162 908 servavissess’

311 958 429 1030 LXII.
454 959 641 1029 Proximo
658 958 845 1054 Magnetes
860 956 907 1027 L.
923 952 1107 1051 Scipionis,
1128 958 1163 1029 a
1179 957 1229 1029 L.

262 1076 366 1149 Sullae
383 1075 575 1148 constitutis
602 1075 821 1148 nitebantur:
849 1098 999 1171 quorum
1026 1073 1084 1146 ille
1099 1073 1228 1147 Antio·

262 1196 344 1285 cho,
370 1194 428 1269 hic
448 1193 667 1283 Mithridate,
686 1195 801 1291 pulfis,
818 1194 926 1266 fidem
938 1211 1044 1289 atque
1060 1191 1227 1267 virtutem

260 1315 473 1412 Magnetum
496 1314 717 1402 decoravere,
744 1318 770 1355 “
788 1311 839 1384 uti
856 1310 979 1385 Diana
995 1313 1227 1408 Leucophry-

260 1438 290 1476 “
306 1457 380 1506 eme
398 1430 597 1530 perfugium
614 1429 814 1504 inviolabile
831 1428 957 1504 soret.’'
978 1429 1226 1527 Aphrodisien-

258 1552 309 1626 ses
320 1553 476 1650 posthac,
495 1556 528 1624 ἃ
539 1549 801 1625 Stratonicenses
818 1549 995 1622 dictatoris
1005 1547 1162 1639 Caesaris,
1173 1551 1224 1623 ob

110 1744 113 1751 .
259 1670 392 1745 vetusta
415 1670 451 1742 in
480 1691 592 1766 partes
619 1670 753 1759 merita,
781 1674 814 1742 δι
834 1693 952 1742 recens
971 1667 1047 1742 divi
1074 1666 1228 1766 Augusti

257 1792 438 1865 decretum
453 1792 606 1862 attulere.
656 1786 822 1877 Laudati,
849 1794 877 1830 “
895 1786 993 1886 quod
1016 1788 1225 1862 Parthorum

259 1916 288 1953 “
306 1909 555 2009 inruptionem,
581 1907 668 1982 nihil
691 1910 824 1983 mutatas
839 1905 875 1979 in
902 1907 1073 2002 populum
1089 1908 1224 1980 Roma·

259 2035 393 2104 “num
420 2027 621 2117 constantia,
648 2026 895 2124 pertulissent.”
938 2025 1004 2099 Sed
1023 2024 1227 2121 Aphrodisi-

257 2154 388 2224 ensrum
414 2149 547 2239 civitas,
584 2145 749 2232 Veneris;
788 2143 1100 2234 Stratonicensium,
1125 2143 1225 2238 Jovis

258 2267 440 2343 &Triviae
467 2266 673 2366 religionem
700 2267 898 2339 tuebantur.
947 2263 1063 2339 Altius
1095 2263 1224 2339 Hiero·

257 2385 466 2461 caesarienses
493 2384 695 2482 exposuere,
721 2392 749 2425 “
766 2386 935 2458 Persicam
963 2384 1057 2481 apud
1083 2381 1117 2463 se
1138 2382 1224 2457 Dia·

259 2513 288 2550 “
306 2532 408 2592 nam3
435 2506 633 2594 delubrum,
656 2527 740 2601 rege
755 2504 862 2598 Cyro,
880 2502 1076 2576 dicatum:”
1100 2505 1135 2575 dr
1148 2527 1223 2576 me·

256 2627 480 2698 morabantur
498 2629 524 2665 “
538 2625 734 2718 Perperna,
759 2621 938 2715 Isaurici,''
963 2625 1141 2720 multaque
1155 2623 1223 2696 alia

256 2743 505 2839 imperatorum
523 2741 677 2831 nomina,
703 2742 763 2839 qui
778 2768 847 2814 non
864 2742 971 2815 modo
994 2745 1141 2839 templo,
1163 2740 1222 2817 sed

257 2865 394 2936 duobus
411 2862 563 2935 millibus
582 2863 737 2958 passuum
753 2863 914 2936 eamdem
939 2861 1150 2936 sandlitatem
1163 2863 1222 2936 tri·

255 2986 411 3057 buerant.
463 2982 556 3055 Exin
584 2981 704 3078 Cyprii
733 2982 843 3055 tribus
874 2981 1039 3072 delubris,
1071 3007 1222 3078 quorum

254 3102 517 3175 vetustissimum
534 3101 673 3197 Paphiae
689 3101 813 3174 Veneri
840 3104 958 3174 auslor
982 3099 1117 3190 Aerias,
1144 3101 1221 3198 post

255 3222 345 3296 filius
358 3220 430 3320 ejus
449 3223 619 3295 Amathus
631 3219 756 3292 Veneri
775 3222 998 3308 Amathufiae,
1018 3227 1051 3291 δι
1063 3220 1146 3314 Jovi
1161 3223 1220 3294 Sa-

254 3343 396 3417 laminio
413 3344 564 3433 Teucer,
589 3339 790 3415 Telamonis
820 3339 924 3437 patris
958 3339 1007 3412 ira
1038 3338 1217 3439 profugus,

255 3462 447 3559 posuissent.

301 3584 436 3654 LXIII.
465 3586 640 3655 Aunrrm
655 3578 798 3653 aliarum
816 3605 956 3677 quoque
972 3579 1153 3653 civitamm
1169 3582 1219 3653 le-

255 3701 421 3799 gationes.
472 3704 636 3797 Qorum
653 3699 753 3795 copia
770 3698 839 3772 sessi
859 3720 982 3796 patres,
1002 3703 1035 3771 δι
1051 3700 1132 3796 quia
1148 3700 1219 3773 stu·

252 3821 316 3893 diis
331 3823 541 3908 certabatur,
554 3818 747 3892 consulibus
761 3819 956 3915 permisere,
972 3826 1048 3891 “ut
1061 3819 1216 3916 perspec-

254 3945 281 3986 “
300 3959 335 4019 to
339 3937 432 4035 jure,
452 3940 521 4017 &fi
540 3963 609 4043 qua
624 3936 786 4033 iniquitas
803 3937 1050 4029 involveretur,
1075 3964 1149 4015 rem
1166 3938 1218 4011 in·
