2986 5138
416 533 713 602 Auunartru
741 526 938 600 Lrn.IIl.
1116 550 1181 622 193

211 701 335 777 Blaesus
354 704 444 777 filius
466 704 589 776 duxit:
618 701 749 789 medio,
776 726 858 773 curn
880 697 1035 787 delectis,
1063 697 1182 770 castel·

212 826 246 894 la
264 829 296 896 &
320 823 527 896 munitiones
546 821 678 894 idoneis
695 819 779 891 locis
797 819 994 913 imponens,
1021 817 1095 890 dux
1113 816 1184 913 ipse

212 943 302 1014 arelo
321 946 353 1013 ἃ
373 940 501 1014 infensa
523 939 676 1012 hostibus
693 941 816 1010 cuneta
829 935 970 1020 fecerat:
999 936 1081 1031 quia
1094 963 1182 1034 quo·

214 1059 286 1156 qul>
303 1060 519 1147 inclinarent,
535 1084 612 1154 pars
628 1057 743 1154 aliqua
756 1055 872 1128 militis
891 1054 1046 1127 Romani
1063 1054 1183 1146 inore,

212 1179 249 1251 in
266 1180 383 1266 latere,
410 1182 441 1249 ἃ
460 1175 548 1272 saepe
566 1202 585 1248 a
600 1195 700 1272 tergo
718 1195 815 1247 erat:
844 1173 1014 1270 multique
1036 1199 1078 1246 eo
1106 1201 1183 1248 mo·

212 1296 260 1368 do
276 1300 365 1386 caesr,
392 1315 452 1368 aut
475 1292 714 1367 circumventi.
764 1293 869 1365 Tunc
891 1292 1099 1388 tripartitum
1121 1320 1184 1367 ex-

212 1415 358 1488 ercitum
382 1415 498 1509 plures
524 1413 560 1484 in
592 1437 715 1484 manus
741 1410 918 1507 dispergit,
946 1412 1186 1511 praeponitque

212 1533 428 1607 centuriones
451 1531 586 1604 virtutis
612 1551 785 1627 expertae:
807 1554 884 1616 nec,
904 1548 943 1600 ut
962 1555 1038 1602 mos
1061 1530 1184 1624 fuerat,

213 1654 289 1724 adl
306 1651 420 1723 aestate
437 1650 576 1722 retrahit
593 1650 724 1746 copias,
750 1669 809 1722 aut
826 1648 861 1720 in
878 1648 1108 1723 hibernaculis
1125 1677 1186 1725 ve-

212 1770 290 1843 teris
308 1768 497 1865 provinciae
519 1768 726 1864 componit:
754 1765 811 1839 sed
829 1766 920 1839 utin
947 1766 1065 1842 limine
1089 1772 1186 1862 belli,

212 1887 377 1984 dispositis
406 1887 563 1977 castellis,
591 1913 652 1983 per
684 1887 865 1984 expeditos
895 1891 927 1959 sn
961 1887 1189 1965 solitudinum

185 2032 352 2105 -gnaros,
378 2026 571 2078 mutantem
598 2004 747 2102 mapalia
767 2004 1024 2078 Tacfarinatem
1053 2031 1187 2105 protur-

212 2128 297 2199 bat:
326 2126 452 2214 donee,
478 2123 580 2196 fratre
596 2123 667 2221 ejus
684 2144 801 2221 capto,
829 2126 992 2221 regressus
1013 2127 1076 2219 est,
1106 2156 1187 2227 pro-

213 2243 388 2340 perantibs
404 2263 521 2316 tamen
549 2245 656 2340 quam
681 2268 725 2314 ex
752 2241 898 2315 utilitate
923 2241 1108 2338 sociorum,
1134 2276 1187 2323 re-

214 2361 301 2435 lieris
320 2389 382 2459 per
414 2388 502 2459 quos
532 2360 720 2457 resurgeret
748 2362 892 2434 bellum.
942 2365 1008 2436 Sed
1025 2365 1188 2441 Tiberius

214 2507 276 2578 pro
304 2480 461 2554 consedo
490 2481 748 2576 interpretatus,
776 2479 812 2552 id
835 2506 976 2579 quoque
1000 2483 1106 2558 Blaeso
1128 2488 1187 2559 tri-

215 2599 304 2690 buit,
329 2619 368 2671 ut
385 2603 554 2696 imperator
574 2599 807 2697 alegionibus
831 2598 1030 2676 salutaretur
1042 2631 1053 2690 3
1080 2605 1189 2707 prisco

214 2744 297 2815 erga
324 2719 430 2791 duces
458 2721 603 2808 honore,
641 2717 716 2814 qui,
755 2721 844 2792 bene
874 2721 966 2817 gestl
997 2726 1188 2819 republica,

106 2834 110 2842 ’
215 2836 343 2933 gaudio
361 2840 394 2908 δι
412 2826 546 2932 impetu
572 2836 713 2908 vicloris
735 2837 906 2911 exercitlls
922 2841 1188 2916 conclamaban-

214 2972 293 3027 tur:
319 2973 482 3051 erantque
499 2956 615 3049 plures
638 2957 738 3027 simul
754 2956 993 3052 imperatores,
1007 2985 1072 3033 nec
1089 2959 1190 3058 super

215 3093 409 3147 ceterorum
437 3071 692 3169 aequalitatem:
729 3077 889 3146 concessit
918 3077 1124 3173 quibusdam
1154 3085 1189 3155 δι

215 3193 396 3289 Augustus
412 3191 449 3263 id
468 3192 704 3277 vocabulum:
730 3218 770 3265 ac
787 3212 871 3267 tunc
898 3195 1058 3270 Tiberius
1083 3199 1190 3274 Blaeso

216 3309 442 3408 postremltm.

262 3430 418 3502 LXXV.
455 3430 610 3501 Ouinius
638 3456 680 3504 eo
710 3458 802 3505 anno
827 3431 890 3503 viri
918 3432 1084 3523 inlustres,
1112 3440 1188 3510 Ast·

214 3547 292 3621 nius
318 3546 512 3635 Saloninus,
539 3551 596 3622 M.
631 3550 792 3646 Agrippas
821 3556 854 3622 ὃς
884 3551 1041 3624 Pollione
1070 3556 1190 3630 Afinio

214 3667 301 3756 avis,
339 3663 443 3738 fratre
472 3667 587 3738 Druso
612 3667 764 3765 iufignis,
800 3667 992 3767 Caesarique
1018 3697 1191 3771 progener

214 3785 423 3858 destinatus:
452 3788 485 3856 δι
512 3785 640 3880 Capito
660 3787 795 3876 Ateius,
821 3791 953 3884 dequo
982 3793 1188 3884 memoravi,

217 3902 414 4000 principem
440 3902 635 3977 incivitate
658 3906 778 3979 locum
806 3906 926 3980 studiis
943 3907 1102 3982 civilibus
1127 3913 1188 3985 ad·
