2986 5138
421 580 957 656 Annaliuanrn.lll.
1134 594 1200 680 ¹7⁹

238 750 265 786 “
283 744 413 835 inritas,
439 771 553 844 neque
571 747 657 820 milri
675 769 734 821 aut
750 747 850 822 vobis
866 749 941 824 usui
957 750 1101 846 futurae,
1121 753 1200 853 jure

237 870 265 906 “
283 866 486 962 deprecor.''

283 988 363 1058 LV,
390 990 565 1059 Auntrre
589 986 729 1061 Caesaris
746 988 863 1079 literis,
890 991 1024 1065 remissa
1041 994 1200 1072 aedilibus

233 1104 308 1181 talis
324 1124 427 1191 cura3
454 1105 621 1203 luxusque
638 1108 776 1198 mensa,
802 1135 823 1181 a
853 1110 921 1182 fine
943 1112 1079 1213 Adliaci
1103 1115 1199 1206 beni,

233 1228 280 1298 ad
297 1249 338 1296 ea
353 1251 447 1299 arma
464 1229 543 1323 quls
554 1229 624 1300 Sera
639 1229 752 1302 Galba
768 1253 884 1302 rerum
900 1231 1044 1328 adeptus
1061 1234 1125 1324 cst,
1142 1252 1203 1330 per

234 1371 343 1421 annos
366 1366 507 1420 centum
524 1346 667 1443 profusis
680 1348 872 1443 sumptibus
889 1351 1043 1442 exerciti,
1070 1355 1201 1449 paullo

235 1465 299 1542 tim
317 1467 509 1539 exolevere.
534 1465 658 1540 Causas
686 1465 756 1564 ejus
773 1468 972 1542 mutationis
988 1496 1143 1566 quarere
1157 1472 1201 1545 li-

236 1588 305 1658 bet.
330 1586 430 1660 Dites
447 1588 529 1659 olim
547 1586 687 1660 snmiliae
705 1587 892 1676 nobilium,
919 1610 978 1662 aut
995 1591 1202 1666 claritudine

234 1705 396 1803 infignes,
414 1706 526 1780 studio
544 1707 810 1806 magnificentia
818 1705 1098 1804 prolabebantur:
1117 1737 1202 1787 nam

233 1827 338 1899 etiam
366 1848 441 1899 tum
466 1808 620 1924 plebem,
645 1824 768 1917 socios,
794 1853 900 1926 regna
927 1831 1053 1920 colere,
1080 1829 1202 1905 &coli

233 1947 367 2020 licitum
384 1975 393 2018 ε
421 1968 459 2019 ut
476 1946 620 2044 quisque
637 1947 781 2043 opibus,
806 1949 929 2037 domo,
955 1968 1075 2044 paratu
1092 1947 1201 2045 speci*

232 2067 322 2158 osus,
349 2090 408 2164 per
424 2093 552 2140 nomen
569 2067 788 2140 &clientelas
804 2066 974 2140 inlustrior
990 2069 1201 2144 habebatur:

232 2189 417 2284 postquam
446 2187 599 2261 caedibus
626 2185 796 2273 saevitum,
823 2190 857 2257 δι
875 2185 1084 2284 magnitudo
1098 2185 1202 2262 sam

231 2307 340 2381 exitio
361 2328 430 2380 erat
442 2336 452 2392 ;
483 2306 586 2380 ceteri
608 2307 653 2378 ad
676 2302 878 2401 sapientiora
904 2309 1130 2380 convertdre:
1159 2310 1201 2380 fi·

232 2429 307 2501 mul
328 2427 409 2500 novi
432 2427 590 2500 homines
608 2451 627 2497 e
644 2423 843 2521 municipiis
861 2428 894 2496 ὅτ
912 2425 1069 2517 coloniis,
1095 2448 1202 2525 atque

232 2550 336 2622 etiam
355 2546 552 2644 provinciis,
571 2546 608 2618 in
625 2544 779 2618 senatum
796 2541 917 2617 crebrb
934 2541 1119 2642 adsumpti,
1136 2549 1201 2621 do-

232 2668 411 2740 mesticam
430 2666 677 2764 parcimoniam
693 2663 882 2736 intulerunt
898 2691 907 2735 :
936 2668 970 2737 δι
984 2685 1201 2763 quamquam

232 2785 383 2875 fortuna,
409 2788 466 2858 vel
484 2784 659 2875 industria,
687 2783 841 2882 plerique
858 2782 1078 2879 pecuniosam
1095 2787 1139 2858 ad
1151 2785 1201 2859 se·

232 2909 369 2981 nectam
395 2904 634 3002 pervenirent3
662 2906 783 2976 manfit
810 2923 927 2975 tamen
944 2902 1037 2998 prior
1053 2903 1202 2978 animus.

231 3027 299 3100 Sed
329 3024 520 3122 praecipuus
548 3021 699 3096 adstricti
715 3022 820 3095 moris
835 3024 952 3094 audior
980 3020 1202 3119 Vespasianus

232 3144 311 3234 fuit,
328 3144 473 3241 antiqno
488 3142 556 3240 ipse
573 3143 668 3216 cultu
685 3141 868 3239 viduque:
896 3141 1102 3239 obsequium
1118 3143 1201 3217 inde

229 3265 266 3339 in
282 3263 498 3360 Principem,
526 3268 559 3336 dt
581 3261 769 3336 aemulandi
790 3287 891 3333 amor
907 3260 1066 3351 validior,
1092 3263 1200 3358 qulam

232 3412 338 3482 poena
353 3408 398 3457 en
414 3382 596 3481 legibus&
613 3396 737 3454 metus.
787 3380 860 3453 Nisr
877 3377 966 3452 sorte
978 3382 1080 3453 rebus
1094 3402 1200 3452 cunc*

231 3506 273 3579 tis
301 3505 386 3578 inest
416 3503 561 3601 quidam
586 3503 681 3575 uelut
704 3499 810 3589 orbis,
837 3519 874 3570 ut
900 3499 1200 3596 quemadmodum

229 3647 430 3722 temporum
449 3621 555 3712 vices,
582 3621 631 3693 ita
653 3636 790 3693 motum
808 3639 1004 3691 vertantur:
1032 3642 1095 3690 nce
1120 3637 1198 3692 om⁴

229 3746 288 3821 nia
302 3744 396 3840 apud
414 3741 541 3839 priores
559 3739 718 3828 meliora,
742 3737 802 3811 sed
823 3738 940 3810 nostra
962 3753 1107 3835 quoque·
1119 3753 1199 3810 aetas

230 3865 341 3944 multa
369 3861 480 3937 laudis
505 3866 538 3935 δε
568 3859 706 3947 artium,
732 3857 905 3930 imitanda
933 3854 1075 3954 posteris
1107 3856 1197 3930 tulie

658 3978 696 4050 N
715 3993 740 4048 a·
