2986 5138
344 576 392 642 44
577 550 619 623 C.
648 551 884 626 Cotuattr
910 553 1088 625 Tnctrr

344 742 543 819 perruptum
573 723 704 795 hostem
737 722 899 822 redigunt
921 723 956 796 in
984 744 1114 821 aperta,
1153 727 1309 800 caedunt-

343 868 436 937 que:
469 842 567 913 simul
602 842 702 937 primi
737 843 885 939 agminis
903 843 1011 940 copiae
1034 843 1170 916 evasere
1198 848 1310 939 salvas,

342 962 514 1058 castraque
547 961 817 1034 communivere.
883 962 1052 1060 Qtietum
1090 962 1172 1036 inde
1220 965 1308 1039 iter:

342 1079 518 1176 fidensque
543 1080 750 1169 recentibtu,
780 1106 821 1153 ac
850 1080 1002 1178 priorum
1034 1082 1163 1155 oblitus
1195 1084 1310 1175 miles,

344 1198 377 1270 in
401 1199 550 1271 hibernis
566 1201 706 1271 locatur.

391 1321 471 1392 Lll.
496 1322 532 1391 N
538 1342 719 1390 curram
746 1343 785 1390 ea
812 1318 996 1391 Tiberium
1013 1318 1132 1393 latitial
1159 1325 1312 1421 curaque

341 1435 520 1510 adfectre:
551 1438 723 1534 gaudebat
750 1439 946 1532 oppressam
978 1436 1206 1527 seditionem
1234 1443 1308 1533 sed,

343 1556 439 1652 quod
466 1554 650 1652 largiendis
676 1555 845 1652 pecuniis,
888 1560 921 1628 δι
965 1556 1121 1631 missione
1157 1558 1311 1636 festinati

341 1675 494 1747 favorem
540 1673 691 1746 militum
730 1675 948 1770 quaesivisset,
999 1677 1123 1750 bellica
1165 1706 1311 1776 quoque

341 1793 541 1867 Germanici
570 1792 689 1890 gloria,
722 1796 924 1890 angebatur.
975 1794 1110 1867 Retulit
1127 1815 1243 1868 tamen
1261 1801 1309 1871 ad

342 1913 496 1987 senatum
514 1915 558 1987 de
575 1915 674 1986 rebus
691 1913 805 2010 gestis,
836 1914 1017 2011 multaque
1033 1915 1077 1987 de
1093 1913 1219 1986 virtute
1235 1915 1308 2014 ejus

341 2034 562 2122 memoravit,
591 2032 702 2129 magis
731 2030 943 2129 inspeciem
986 2033 1099 2105 verbis
1126 2034 1305 2128 adornata,

343 2155 450 2250 quam
483 2175 521 2225 ut
539 2152 673 2249 penitus
689 2149 809 2225 sentire
826 2152 1027 2225 crederetur.
1080 2153 1309 2228 Paucioribus

341 2271 507 2362 Drusum,
539 2278 571 2344 δι
607 2273 713 2343 finem
742 2270 1218 2368 lllyricimotstslaudavi13
1245 2272 1305 2346 sed

342 2391 517 2480 intentior,
553 2394 586 2462 δε
604 2390 860 2463 fidaoratione:
891 2390 1086 2487 cunstaque
1114 2416 1193 2485 quae
1216 2395 1305 2464 Ger-

342 2509 498 2581 manicus
525 2507 721 2598 indulserat,
743 2507 902 2599 servavit,
933 2507 1037 2581 etiam
1053 2511 1149 2607 apud
1165 2512 1305 2584 Panno-

342 2628 439 2702 nicos
465 2626 645 2700 exercitus.

399 2749 496 2820 Llll.
536 2749 679 2819 lloouu
704 2774 810 2837 anno,
849 2748 944 2843 Julia
984 2747 1181 2845 supremum
1209 2751 1305 2822 diem

339 2867 440 2954 obiit,
483 2870 529 2939 ob
557 2866 810 2962 impudicitiam
838 2867 923 2939 olim
960 2893 980 2939 a
1024 2887 1118 2963 patre
1145 2869 1306 2965 Augusto

340 2987 543 3059 Pandataria
560 2984 680 3075 insulsa,
709 3013 792 3058 mox
811 2985 943 3082 oppido
962 2985 1221 3082 Rheginorum,
1246 2988 1306 3084 qui

339 3106 493 3178 Siculum
512 3104 636 3178 fretum
655 3109 829 3192 accolunt,
849 3103 973 3177 clausa.
1023 3108 1148 3178 Fuerat
1172 3106 1207 3177 in
1230 3133 1305 3179 ma-

341 3226 503 3299 trimonio
518 3225 665 3314 Tiberii,
689 3225 887 3297 florentibus
907 3223 993 3295 Caio
1026 3226 1059 3294 &
1086 3226 1201 3297 Lucio
1229 3229 1306 3298 Cae.

341 3346 481 3435 faribus,
509 3344 746 3441 spreveratque
762 3365 801 3416 ut
819 3342 986 3439 imparem
1000 3369 1022 3414 :¹
1046 3368 1110 3415 nec
1138 3344 1205 3416 alia
1233 3364 1306 3417 tam

343 3467 463 3540 intima
480 3466 621 3538 Tiberio
648 3462 759 3551 causa,
794 3489 855 3535 cur
884 3462 1053 3536 Rhodum
1082 3463 1303 3538 abscederet:

340 3585 524 3682 imperium
551 3587 709 3680 adeptus,
744 3603 929 3670 extorrem,
959 3580 1139 3672 infamem,
1170 3587 1203 3654 δι
1231 3584 1307 3680 post

343 3705 556 3775 intersec‘lum
588 3704 791 3775 Postumum
836 3701 1046 3798 Agrippam,
1090 3702 1204 3774 omnis
1236 3702 1307 3799 spei

340 3847 502 3916 egenam,
522 3822 636 3917 inopirl
653 3848 692 3893 ac
710 3824 789 3891 tabe
807 3822 911 3916 longa
940 3821 1097 3916 peremit,
1124 3819 1306 3894 obscuram

343 3937 414 4013 sore
430 3965 550 4014 necem
564 3939 817 4037 longinquitate
833 3939 939 4011 exsilii
956 3961 1058 4013 ratus.
1106 3944 1174 4014 Par
1206 3939 1306 4015 causa
