2986 5138
271 514 344 589 3¹4
481 440 1068 561 ceonrerrr'rrc‘rrr

271 671 299 707 “
317 664 429 760 edque
453 661 575 760 sugere
604 663 703 735 simul
726 664 802 735 asla
834 665 868 734 δι
900 659 1097 733 instantia''
1146 660 1239 733 Haec

269 783 357 856 vatis
375 783 410 855 in
430 784 578 857 modurn
602 781 773 871 didimus,
799 804 904 852 venas
922 778 1070 851 resolvit.
1120 780 1241 851 Docu-

271 921 392 975 mento
419 898 594 996 sequentia
627 920 742 988 erunt,
772 902 860 972 bene
889 897 1095 970 Arruntium
1129 916 1242 970 morte

269 1019 382 1093 usum.
432 1018 611 1091 Albucilla
636 1017 748 1090 inrito·
769 1017 839 1091 ielu
866 1045 887 1091 a
913 1017 1020 1090 semet
1050 1018 1240 1106 uulnerata,

265 1138 357 1238 jussu
384 1136 517 1209 senatlrs
545 1137 582 1209 in
605 1161 780 1210 carcerem
796 1135 909 1211 fertur.
959 1137 1160 1232 Stupronrm
1173 1133 1243 1232 ejus

271 1256 427 1344 ministri,
466 1255 689 1329 “Carsidius
717 1257 897 1347 Sacerdos,
923 1252 1116 1352 praetorius,
1139 1275 1177 1326 ut
1206 1253 1241 1326 in

274 1375 466 1451 “insulam
490 1375 752 1469 deportaretur3
784 1375 929 1448 Pontius
958 1374 1178 1470 Fregellanus
1207 1398 1243 1444 a·

274 1501 302 1538 “
322 1492 471 1568 mitteret
491 1492 650 1566 ordinem
667 1492 899 1568 senatorium:
926 1496 960 1566 δι
979 1494 1110 1566 eaedem
1128 1517 1242 1588 poenae

273 1622 301 1657 ‘⁴
320 1615 356 1687 in
378 1611 530 1685 Laelium
558 1614 729 1686 Balbum'’
755 1614 1011 1686 decernuntur:
1038 1610 1075 1682 id
1100 1611 1243 1709 quidem

273 1758 295 1805 a
322 1731 532 1821 laetantibus,
557 1731 638 1828 quia
661 1734 788 1806 Balbus
815 1731 904 1805 truci
921 1730 1116 1828 eloquentia
1138 1732 1243 1803 habe·

273 1853 388 1939 batur,
417 1870 600 1947 promptus
623 1852 808 1924 adversum
833 1850 991 1924 insontes.

322 1972 458 2044 XLIX.
484 1972 625 2043 Itsnttnr
642 1969 765 2043 diebus
790 1971 869 2042 Sex.
886 1968 1051 2065 Papinius
1074 1968 1244 2042 consulari

273 2088 419 2178 familia,
448 2089 670 2186 repentinum
683 2093 717 2162 δι
735 2088 921 2163 informent
949 2089 1084 2162 exitum
1100 2088 1242 2184 delegit,

267 2207 361 2308 jaslo
378 2208 415 2281 in
433 2234 584 2305 praeceps
598 2233 764 2305 corpore:
789 2207 887 2283 causa
911 2210 956 2283 ad
985 2228 1130 2281 matrem
1156 2205 1242 2279 rese·

272 2330 427 2417 rebatur,
454 2353 534 2423 quae
564 2326 702 2423 pridem
730 2328 922 2424 repudiata,
955 2325 1246 2401 adsentationibus

272 2465 380 2542 atque
409 2446 496 2522 luxu
526 2445 723 2541 perpulisset
745 2445 913 2544 juvenem
939 2448 985 2519 ad
1010 2469 1065 2535 ea,
1094 2468 1243 2540 quorum

273 2564 445 2661 effugium
461 2589 534 2635 non
551 2562 611 2635 nist
629 2583 739 2636 morte
756 2563 935 2639 inveniret.
966 2564 1077 2663 Igitur
1091 2560 1245 2637 accusata

274 2682 311 2755 in
327 2681 459 2772 senatu,
474 2707 687 2778 quamquam
704 2706 816 2778 genua
834 2704 971 2779 patrum
987 2685 1243 2770 advolveretur,

273 2809 302 2843 “
322 2802 525 2897 luslunrque
549 2826 789 2892 communem,
825 2807 858 2875 &
890 2802 1001 2900 magis
1029 2802 1244 2875 imbecillum

276 2920 381 2992 “tali
407 2919 507 3016 super
535 2918 613 2991 casu
642 2917 847 2994 seminarum
879 2922 1075 3010 animum,'’
1108 2921 1244 3016 aliaque

274 3041 311 3112 in
329 3040 493 3113 eumdem
511 3039 669 3111 dolorem
686 3041 816 3129 maesta,
843 3046 875 3114 u
895 3039 1082 3113 miseranda
1097 3040 1157 3111 diu
1175 3038 1242 3111 set-

274 3181 338 3247 tet‚
362 3160 464 3231 Urbe
487 3179 603 3228 tamen
630 3158 664 3228 in
692 3160 815 3231 decem
843 3186 950 3232 annos
979 3159 1152 3255 prohibita
1180 3160 1242 3247 est,

273 3280 385 3350 donec
415 3276 528 3347 minor
559 3276 648 3348 filius
673 3278 843 3350 lubricum
867 3276 1021 3373 juventa
1042 3278 1161 3349 exiret.

321 3399 367 3466 L.
394 3398 478 3488 Jnnr
509 3395 691 3467 Tiberium
713 3421 851 3492 eorpus,
871 3396 946 3494 jam
963 3397 1065 3485 vires,
1086 3399 1244 3469 nondum

273 3513 494 3585 dissimulatio
527 3513 712 3587 deserebat.
762 3517 861 3588 Idem
888 3516 995 3587 animi
1024 3515 1142 3611 rigor:
1177 3514 1243 3586 ser·

275 3658 381 3704 mone
414 3657 453 3703 ac
487 3632 587 3703 vultu
605 3632 769 3722 intentus,
787 3638 924 3730 quaesrtlt
942 3635 1114 3705 interdum
1132 3632 1241 3704 comi-

273 3770 357 3838 tate,
389 3749 549 3845 quamvis
582 3749 795 3824 manifestam
820 3750 1052 3824 desedionem
1076 3753 1240 3847 tegebat:

273 3868 480 3971 mutatisque
497 3867 616 3969 saepius
645 3869 741 3960 locis,
770 3872 910 3944 tandem
928 3873 1020 3969 apud
1038 3890 1243 3968 promonto-
