2986 5138
394 544 458 639 158
581 538 1170 619 C.Conuoa11Tncrrr

388 714 594 785 maluerunt.
655 716 726 786 Hae
757 710 883 810 primb,
907 711 1049 786 rudibus
1073 711 1256 784 hominum
1282 708 1357 786 ani-

388 831 467 919 mis,
486 831 656 928 srmplices
677 852 782 905 erant.
832 832 1067 928 Maximeque
1093 830 1184 903 fama
1205 834 1358 907 celebra-

387 950 438 1021 vit
449 953 675 1039 Cretensium,
705 977 790 1048 quas
814 951 960 1033 Minos;
982 952 1240 1046 Spartanorum,
1270 978 1359 1048 quas

387 1071 597 1165 Lycurgus3
621 1095 661 1142 ac
680 1095 764 1141 mox
783 1069 1046 1141 Atheniensrbus
1064 1069 1268 1164 quaesrtiores
1279 1068 1358 1167 jam

388 1193 420 1260 oz
441 1181 552 1283 plures
568 1189 673 1260 Solon
692 1187 888 1285 perscripsit.
917 1187 1031 1260 Nobis
1045 1189 1233 1276 Romulus,
1259 1210 1297 1259 ut
1315 1189 1358 1260 li-

342 1317 347 1326 ’
386 1307 513 1396 bitum,
540 1307 818 1404 imperitaverat:
842 1307 922 1379 dein
940 1308 1060 1378 Numa
1076 1305 1299 1403 religionibus
1323 1312 1358 1380 &

383 1421 589 1522 divinojure
600 1427 772 1522 populum
784 1425 961 1498 devinxit:
978 1445 1180 1520 repertaque
1191 1427 1356 1520 quaedam

383 1570 404 1616 a
426 1546 534 1617 Tullo
560 1548 593 1615 ὅ(
613 1550 734 1616 Anco:
762 1543 821 1616 sed
845 1543 1038 1640 praecipuus
1060 1542 1194 1615 Servius
1216 1543 1357 1616 Tullius

384 1660 518 1735 sanctor
530 1664 649 1759 legum
662 1660 740 1751 fuit,
753 1663 832 1759 quls
848 1662 949 1734 etiam
961 1687 1056 1759 reges
1068 1664 1358 1758 obtemperarent.

429 1783 580 1854 XXVII.
606 1784 734 1854 Punso
761 1781 968 1878 Tarquinio,
997 1779 1182 1852 adversbm
1216 1801 1356 1875 patrum

382 1900 546 1973 fadiones
564 1903 674 1973 multa
690 1903 839 1998 populus
856 1899 987 1997 paravit
1003 1900 1141 1972 tuendae
1172 1897 1354 1988 libertatis,

337 2009 341 2018 ¹
381 2020 616 2093 &firmandae
633 2018 851 2092 concordia:
888 2017 1060 2114 creatique
1087 2016 1290 2107 decemviri,
1321 2021 1356 2090 &

382 2138 500 2211 accitis
517 2164 595 2235 quae
612 2136 758 2234 usquam
774 2137 927 2234 egregia,
955 2140 1152 2233 composrtae
1163 2136 1354 2209 duodecim

378 2258 520 2345 tabulae,
564 2256 642 2328 finis
674 2257 767 2353 aequi
805 2253 919 2352 juris:
960 2281 1041 2327 nam
1079 2253 1200 2329 secutae
1239 2258 1348 2360 leges,

378 2381 438 2449 etsr
478 2375 665 2472 aliquando
698 2376 733 2448 in
766 2377 942 2447 maleficos
976 2400 1020 2447 ex
1048 2373 1186 2463 delicto,
1229 2375 1353 2471 saepius

378 2513 496 2566 tamen
528 2493 728 2565 diss'ensrone
760 2493 939 2582 ordinum,
986 2499 1018 2567 δι
1058 2492 1228 2591 apiscendi
1272 2494 1352 2566 inli-

378 2611 465 2685 citos
498 2613 659 2701 honores,
703 2631 762 2684 aut
779 2612 928 2708 pellendi
957 2615 1066 2686 claros
1091 2611 1196 2701 viros,
1217 2611 1356 2709 aliaque

377 2732 424 2801 ob
453 2754 557 2824 prava
586 2755 646 2824 per
675 2729 748 2802 vim
766 2733 842 2803 latae
858 2730 945 2803 sunt.
996 2731 1093 2804 Hinc
1111 2732 1275 2820 Gracchi,
1310 2736 1345 2803 δε

377 2847 562 2935 Saturnini,
597 2851 789 2922 turbatores
808 2850 941 2946 plebis:
976 2876 1040 2922 nec
1057 2849 1171 2921 minor
1189 2849 1345 2946 largitor,

377 2967 520 3040 nomine
536 2965 681 3058 senatbs,
708 2967 861 3055 Drusus;
891 2971 1039 3066 corrupti
1066 2969 1137 3066 spe,
1164 2989 1223 3041 aut
1252 2969 1351 3042 inlust

376 3114 439 3184 per
468 3087 738 3160 interceffionem
770 3087 862 3161 socii.
924 3094 979 3161 Ac
1012 3115 1055 3160 ne
1089 3090 1181 3160 bello
1204 3087 1351 3185 quidem

375 3206 510 3295 ltalico,
539 3231 623 3277 mox
653 3207 746 3278 civili
773 3208 949 3297 omissum,
981 3208 1065 3304 quin
1094 3211 1205 3280 multa
1233 3212 1266 3278 Sc
1294 3207 1349 3278 di-

375 3325 470 3400 versa
501 3323 737 3411 sciscerentur3
766 3327 879 3398 donec
896 3330 942 3399 L;
959 3328 1052 3399 Sulla
1067 3327 1228 3414 didatus,
1258 3329 1345 3399 abo-

374 3445 455 3533 litis,
497 3445 553 3516 vel
581 3449 752 3517 conversis
781 3445 964 3541 prioribus,
1001 3447 1083 3519 cum
1115 3449 1214 3541 plura
1247 3446 1346 3516 addi-

377 3564 489 3653 dillet,
512 3564 623 3635 otium
656 3561 727 3658 ejus
757 3563 804 3635 rei
832 3564 924 3635 haud
949 3565 983 3635 in
1009 3565 1156 3661 longum
1190 3563 1347 3660 paravit;

376 3683 490 3755 statim
514 3682 659 3754 turbidis
680 3682 808 3778 Lepidi
825 3682 1076 3778 rogationibus,
1102 3708 1215 3778 neque
1233 3682 1348 3754 multb

373 3800 451 3895 post
467 3800 609 3873 tribunis
626 3800 757 3872 reddita
773 3800 921 3889 licentia,
952 3800 1095 3897 quoquo
1120 3802 1250 3872 vellent
1278 3827 1344 3896 po-

373 3920 495 4013 pulum
508 3917 672 4015 agitandi.
699 3921 850 4015 Jamque
873 3943 943 3992 non
962 3918 1068 3991 modb
1085 3917 1342 4010 incommune,
