2986 5138
1074 584 1191 639 xxxin

261 731 344 804 Vid.
361 755 442 830 pag.
460 756 519 806 20.
546 730 606 805 lin.
621 757 675 807 to.
700 734 849 809 Duobus
865 733 966 812 aunis
982 735 1072 833 post,
1102 737 1139 809 h.
1156 761 1187 809 e.
1207 759 1209 764 ·

218 875 323 949 1519.
357 850 470 924 Taciti
487 876 592 948 opera
610 852 719 925 edidit
734 853 864 946 Bastleae
882 851 921 943 J.
940 853 1119 946 frobenius,
1141 855 1190 928 ite

214 970 402 1068 eleganter,
428 988 467 1042 ut
491 967 681 1066 superiores
708 996 779 1044 non
803 973 911 1046 modo
933 992 1099 1070 aequaret,
1130 972 1190 1048 sed

215 1087 321 1162 etiam
339 1113 448 1186 prope
463 1086 647 1183 superaret.
694 1090 761 1162 Sed
779 1088 865 1162 nihil
881 1090 975 1164 aliud
998 1090 1057 1164 hic
1073 1093 1189 1165 adum

214 1207 279 1296 est,
312 1205 376 1286 nisi
402 1225 441 1280 ut
467 1207 670 1280 Beroaldina
700 1226 919 1305 repeteretur,
962 1206 1059 1306 cujus
1085 1209 1190 1283 etiarn

217 1322 371 1422 praefatio
393 1328 594 1423 notulaeque
616 1325 758 1424 adjetlae
784 1325 872 1400 sunt.
921 1325 976 1400 Ut
990 1346 1107 1400 tamen
1127 1326 1189 1401 ali·

217 1442 304 1541 quid
332 1443 495 1541 praecipui
523 1446 663 1518 haberet
700 1447 775 1519 haec
807 1443 927 1536 editio,
970 1445 1109 1519 additus
1141 1444 1191 1521 est

218 1562 354 1636 libellus
371 1562 645 1636 observationum
669 1563 706 1636 in
726 1563 906 1655 Taciturn,
932 1567 977 1638 ab
994 1565 1107 1639 Andr.
1124 1565 1190 1638 Al·

216 1680 309 1753 eiato
341 1679 552 1777 scriptarum.
602 1680 760 1756 Libellus
794 1681 920 1756 deinde
957 1682 1002 1756 de
1033 1681 1191 1756 moribus

215 1801 262 1872 G.
278 1824 299 1871 a
316 1800 488 1873 Rhenano
506 1800 539 1896 Ι-
559 1802 733 1873 corredus
748 1799 812 1889 est,
838 1801 883 1874 de
899 1825 971 1898 quo
994 1799 1070 1898 post
1096 1798 1191 1876 dice·

217 1939 285 1992 tur.
335 1918 525 1993 Nonnullis
551 1918 587 1991 in
604 1919 690 1992 locis
706 1918 856 1992 diffentit
878 1920 954 1992 haec
971 1918 1076 1993 editio
1093 1922 1191 1994 alle·

219 2036 385 2128 roaldina,
414 2036 487 2127 sed,
515 2037 552 2111 id
581 2039 680 2136 quod
707 2039 840 2112 clarum
866 2037 930 2128 est,
959 2036 1047 2110 vitio
1070 2061 1193 2135 opera·

189 2168 193 2175 '
218 2182 320 2243 rum;
350 2176 388 2228 ut
404 2154 523 2252 palfim
540 2156 678 2230 innotis
691 2155 914 2230 monuimus:
945 2181 979 2228 v.
996 2180 1028 2229 c.
1046 2157 1112 2245 ΙΙΙ,
1133 2180 1191 2254 73.

218 2275 280 2350 ubi
295 2274 406 2349 edidit
429 2277 541 2372 populi
565 2277 744 2347 contumelia
766 2275 856 2346 Rom.
882 2298 947 2372 pro
968 2289 1094 2346 contum.
1114 2293 1190 2371 pop.

215 2395 310 2468 Rom.
336 2418 371 2467 v.
388 2413 459 2469 not.
476 2419 507 2468 c.
526 2419 583 2490 29.
604 2393 666 2466 ubi
689 2391 797 2466 edidit
821 2394 902 2465 ultro
928 2416 992 2489 pro
1017 2395 1102 2464 ultra
1125 2413 1190 2470 etc.

220 2516 267 2587 Et
282 2512 346 2609 illa
360 2511 463 2609 hujus
485 2512 639 2610 exempli
656 2529 766 2584 errata
781 2511 870 2609 saepe
893 2515 1042 2585 notas&
1060 2536 1192 2586 correc-

216 2632 329 2706 tiones
345 2657 507 2730 peperere
529 2633 717 2720 Rhenano,
744 2629 802 2704 eui
823 2628 925 2729 hujus
945 2629 1104 2707 editionis
1129 2655 1192 2705 ex.

219 2753 380 2850 emplum
394 2777 459 2849 pro
475 2752 543 2825 bafi
559 2749 639 2839 fuit,
664 2747 752 2847 saepe
776 2750 821 2823 ad
837 2775 960 2824 omnes
980 2749 1127 2823 editores
1142 2749 1191 2825 se.

221 2890 364 2968 quentes
380 2889 568 2969 propagata
585 2869 676 2960 sunt,
698 2870 807 2944 modo
824 2867 1024 2967 conjecturis
1051 2888 1192 2963 tentata,

182 3029 184 3034 ·
221 2990 332 3064 modo
355 2988 459 3063 etiam
484 2987 633 3078 defensa,
668 3007 706 3060 ut
732 3007 826 3063 notae
854 2987 978 3063 nostrae
1002 2988 1193 3067 docebunt.

222 3109 331 3183 Hanc
343 3107 530 3181 editionem
546 3108 670 3179 Alciati
684 3105 810 3181 vocavi
826 3105 955 3205 potius,
984 3133 1092 3205 quarn
1107 3109 1194 3182 Fro-

221 3225 330 3317 benii,
359 3245 399 3299 ut
423 3224 723 3325 distingueretura
744 3224 875 3315 ceteris,
901 3252 986 3324 quas
1002 3225 1195 3301 Frobenius

221 3345 342 3432 dedit3
365 3342 630 3442 caveremusque
645 3341 834 3419 confusioni
850 3343 1060 3418 diversorum
1076 3367 1196 3417 exem,

223 3465 363 3563 plorum
386 3461 564 3538 Frobenii.
612 3465 647 3559 J.
673 3459 873 3535 Gronovius
900 3459 1044 3535 subinde
1070 3459 1195 3535 editio·

222 3609 305 3659 nem
329 3581 493 3658 Frobenii
519 3582 650 3673 laudat,
687 3580 745 3654 sed
773 3578 935 3678 intelligit
962 3603 1055 3669 eam,
1088 3604 1196 3677 quam

224 3727 288 3778 nos
315 3701 481 3778 Rhenani
508 3701 695 3779 secundam
717 3723 909 3776 vocamus:
940 3700 986 3774 de
1013 3723 1083 3795 qua
1108 3724 1195 3782 ruox

163 3833 170 3841 '
221 3821 428 3905 dicendum.

225 3982 228 3987 ’
720 3963 742 4020 C
