2986 5138
462 614 1019 687 Annar1unL1n.111.
1146 641 1211 713 149

241 781 305 855 tim
318 780 485 879 segregari
508 810 528 855 a
547 784 684 872 marit0,
708 784 864 856 dividere
885 782 1117 857 defensionem
1140 812 1212 858 coe-

241 901 314 995 pit:
346 903 441 996 quod
458 927 535 974 reus
554 903 738 998 postquam
767 903 828 974 fibi
846 902 1019 974 exitiabile
1037 903 1211 1001 intelligit,

241 1044 285 1090 an
310 1020 424 1091 adhue
451 1021 665 1115 experiretur
689 1020 864 1110 dubitans,
893 1021 1109 1094 hortantibus
1134 1022 1212 1094 filiis

240 1139 341 1209 dirrat
364 1158 532 1226 mentem,
568 1137 795 1234 senatumque
834 1137 965 1210 rursum
996 1138 1212 1235 ingreditur:

240 1257 581 1352 redintegratamque
609 1255 877 1344 accusationem,
904 1255 1047 1328 infensas
1075 1278 1213 1352 patrum
1309 1350 1312 1358 Ι

242 1399 360 1462 voees,
394 1373 534 1446 adversa
564 1380 596 1447 ἃ
632 1374 720 1446 sceva
751 1376 874 1446 cuneta
899 1375 1085 1469 perpelsus,
1117 1378 1214 1448 nullo

242 1492 353 1588 magis
379 1493 561 1564 exterritus
584 1494 644 1581 est,
685 1493 792 1587 qulam
816 1490 911 1587 quod
933 1492 1116 1564 Tiberium
1146 1499 1215 1566 sme

242 1610 469 1698 miseratione,
486 1613 553 1682 srne
577 1610 636 1698 inl,
665 1610 890 1697 obstinatum,
914 1608 1140 1706 clausumque
1162 1613 1214 1685 vi·

241 1728 308 1817 dit,
341 1755 384 1800 ne
402 1755 472 1825 quo
488 1728 626 1801 adfectu
645 1748 932 1824 perrumperetur.
983 1730 1128 1801 Relatus
1150 1733 1214 1803 do-

241 1873 355 1935 mum,
384 1869 563 1944 tamquam
589 1846 821 1919 desensronem
846 1846 882 1918 in
908 1847 1079 1942 posterum
1105 1850 1214 1921 medi-

239 1985 379 2053 taretur,
408 1991 516 2062 pauca
541 1964 736 2053 conscribit,
765 1968 1008 2061 obsrgnatque,
1036 1965 1213 2040 &liberto

242 2084 358 2156 tradit.
410 2087 508 2156 Tum
536 2084 633 2155 solita
651 2083 804 2155 curando
832 2082 968 2178 corpori
992 2081 1210 2179 exsequitur:

239 2202 320 2274 dein
348 2204 493 2274 multam
522 2202 598 2297 post
623 2204 777 2288 nostem,
804 2198 933 2297 egresslt
959 2200 1123 2274 cubiculo
1145 2230 1211 2276 ux-

240 2346 313 2410 ore,
341 2320 507 2416 “operiri
533 2318 775 2417 sores''juss1t:
816 2324 848 2391 Sc
884 2323 999 2415 eoeptla
1022 2322 1112 2406 luce,
1138 2347 1213 2417 per-

239 2437 481 2536 fossojugu10,
493 2436 631 2535 jacente
655 2438 754 2512 humi
783 2438 914 2534 gladio,
946 2457 1100 2533 repertus
1125 2440 1187 2513 est.

288 2559 386 2629 XVI.
413 2561 574 2630 Aumnn
607 2583 664 2628 me
696 2557 840 2635 memini
868 2582 914 2632 ex
937 2554 1136 2647 senioribus,
1158 2559 1211 2631 vi-

237 2675 313 2748 sum
339 2674 459 2770 saepius
486 2676 572 2747 inter
596 2702 719 2748 manus
747 2675 879 2748 Pisonis
912 2675 1083 2764 libellum,
1108 2704 1213 2772 quem

239 2792 307 2890 ipse
326 2818 397 2864 non
420 2793 614 2889 vulgaverit
627 2823 637 2878 ;
664 2791 721 2864 sed
746 2795 876 2865 amicos
901 2793 971 2891 ejus
994 2795 1210 2885 diuiravifl'e,

240 2913 399 2989 “literas
442 2910 588 2999 Tiberii,
626 2915 659 2983 ἃ
693 2913 855 2986 mandata
890 2913 926 2987 in
963 2913 1211 2986 Germanicum

240 3039 268 3074 “
286 3030 486 3110 continere:
525 3055 565 3101 ac
604 3029 812 3104 destinatum
846 3058 1001 3127 promere
1031 3033 1125 3126 apud
1150 3058 1210 3127 pa-

239 3158 266 3191 “
286 3170 368 3236 tres,
406 3147 674 3244 Principemque
696 3173 852 3244 arguere,
892 3150 927 3221 ni
955 3150 1066 3222 elusus
1099 3176 1119 3221 a
1152 3152 1210 3220 Se-

239 3277 265 3313 “
279 3267 364 3363 jano
383 3293 443 3362 per
461 3291 551 3339 vana
568 3266 730 3362 promissa
743 3264 849 3339 foret:
883 3293 947 3339 nee
974 3268 1075 3339 illum
1091 3267 1210 3362 sponte

240 3394 265 3428 “
286 3386 508 3473 exstinclum,
532 3385 656 3457 veriam
673 3384 825 3457 immillo
844 3389 1037 3480 percull'ore
1054 3386 1089 3454 :”
1122 3410 1210 3479 quo-

238 3533 317 3578 rum
335 3526 494 3577 neutrum
512 3503 780 3577 adseveraverim
798 3531 806 3574 :
843 3529 956 3599 neque
974 3523 1089 3574 tamen
1107 3528 1209 3574 occu-

235 3629 304 3697 lere
321 3611 620 3696 debuinarratum
643 3625 687 3694 ab
711 3620 765 3708 iis,
792 3620 852 3717 qui
871 3621 1017 3693 nostram
1030 3618 1209 3716 adjuven-

235 3765 307 3815 tam
324 3745 547 3815 duraverunt.
598 3739 721 3828 Caesar,
740 3742 834 3811 flexo
859 3739 894 3810 in
920 3739 1112 3811 maestitiam
1135 3765 1207 3828 ore,

238 3869 266 3904 “
284 3862 378 3935 suam
396 3862 565 3933 invidiam
586 3859 646 3931 tali
671 3877 783 3929 morte
804 3860 979 3953 quaesrtam
996 3860 1089 3953 apud
1116 3858 1209 3931 sena-

239 3989 265 4035 ‘·‘
284 3984 399 4073 tum,’'
429 3983 491 4075 (ἴτ’)
518 3976 712 4075 crebrisque
739 3974 1065 4073 interrogationibus
1086 3977 1211 4078 exqui.

699 4096 782 4193 La
