2986 5138
435 558 742 629 Auunsrunr
768 557 881 631 Lra.
906 557 968 630 IV.
1115 581 1184 656 215

215 724 362 801 Tiberio
390 752 470 825 erga
496 730 679 825 pecuniam
706 732 853 805 alienam
887 732 1067 830 diligentia
1106 732 1183 808 fuit.

215 848 306 918 Sosa
332 846 367 917 in
394 847 551 920 exsilium
580 849 718 945 pellitur
747 852 856 924 Afinii
885 851 978 924 Galli
1007 850 1184 943 sententis,

216 963 276 1060 qui
307 971 335 1006 “
354 985 487 1060 partem
505 969 679 1041 bonorum
696 969 955 1066 publicandam,
975 996 1053 1067 pars
1080 992 1117 1044 ut
1143 972 1184 1044 li·

215 1089 243 1123 “
262 1082 349 1154 beris
365 1085 654 1182 relinqueretur,’'
670 1087 855 1161 censuerat.
887 1089 1020 1162 Contra
1038 1092 1094 1162 M.
1111 1093 1183 1163 Le-

214 1201 317 1297 pidus
340 1210 369 1244 “
389 1223 545 1301 quartam
562 1205 827 1296 accusatoribus,
841 1206 1029 1280 secundrlm
1046 1211 1184 1282 necessr-

215 1328 243 1362 “
262 1320 420 1395 tudinem
437 1322 537 1418 legis,
556 1344 667 1396 cetera
683 1325 823 1398 liberis''
849 1329 1021 1399 concessit.
1071 1329 1184 1401 Hunc

215 1465 283 1537 ego
300 1441 494 1536 Lepidum,
523 1445 739 1540 temporibus
755 1444 836 1533 illis,
868 1468 1011 1542 gravem
1037 1451 1070 1518 ὅτ
1097 1445 1184 1543 sapi·

215 1580 330 1632 entem
348 1560 462 1632 virum
493 1559 589 1634 fuisse
606 1563 795 1660 comperio.
845 1567 941 1636 Nam
959 1566 1122 1662 pleraque
1139 1567 1185 1639 ab

214 1676 309 1751 saevis
323 1679 577 1754 adulationibus
595 1681 755 1771 aliorum,
772 1682 809 1754 in
826 1681 948 1756 melius
964 1683 1087 1756 flexit:
1122 1709 1183 1758 ne-

215 1823 283 1895 que
310 1818 425 1871 tamen
458 1799 721 1896 temperamenti
749 1803 888 1898 egebat,
914 1801 996 1874 clun
1023 1802 1185 1899 aequabili

212 1917 411 1990 auctoritate
428 1921 462 1990 δι
480 1917 588 2015 gratid
598 1919 692 2015 apud
704 1917 888 1992 Tiberium
900 1919 1062 2017 viguerit.
1076 1922 1184 1995 Unde

212 2036 373 2110 dubitare
399 2063 520 2134 cogor,
546 2035 665 2109 fato&
684 2035 768 2108 sorte
791 2037 965 2127 nascendi,
993 2058 1032 2112 ut
1056 2060 1182 2130 cetera,

212 2153 259 2228 ita
277 2155 476 2252 principum
493 2155 671 2229 inclinatio
688 2155 723 2228 in
740 2157 817 2246 hos,
849 2157 989 2229 offenfio
1015 2157 1051 2229 in
1080 2159 1181 2232 illos:

211 2301 256 2347 an
275 2277 312 2346 srt
339 2274 473 2372 aliquid
501 2275 538 2347 in
566 2274 689 2347 nostris
708 2274 867 2363 consiliis,
899 2274 1069 2372 liceatque
1093 2277 1186 2351 inter.

210 2395 394 2490 abruptam
412 2393 695 2483 contumaciam,
713 2399 747 2467 dr
778 2393 934 2467 deforme
961 2392 1181 2492 obsequium,

210 2539 353 2611 pergere
370 2513 433 2587 iter
457 2513 647 2587 ambitione
672 2539 713 2586 ac
743 2513 902 2610 periculis
920 2538 1081 2586 vacuum.
1131 2518 1183 2587 At

193 2633 413 2707 Messalinus
441 2634 557 2720 Cotta,
586 2634 680 2705 haud
712 2630 827 2705 mimis
856 2630 952 2705 claris
980 2629 1181 2729 majoribus,

211 2751 267 2824 sed
284 2751 400 2824 animo
422 2750 587 2840 diversus,
616 2749 746 2823 censuit
781 2752 1018 2824 “cavendum
1034 2747 1181 2823 senatus-

213 2877 240 2912 “
258 2867 429 2960 consulto,
458 2891 496 2941 ut
524 2895 739 2966 quamquam
771 2869 919 2943 insontes
953 2869 1181 2966 magistratus,¹

213 2997 241 3032 “
259 2995 292 3063 δι
312 2990 424 3086 culpae
452 2987 572 3061 alienae
597 2986 712 3077 nescii,
739 2988 1005 3084 provincialibus
1032 3012 1182 3060 uxorum

212 3115 239 3152 “
259 3108 475 3196 criminibus,
502 3106 644 3204 perinde
663 3107 771 3204 quam
787 3106 852 3179 suis
869 3107 1133 3202 pleclerentur.''

257 3229 358 3301 XXI.
386 3232 532 3300 Acron
550 3226 677 3298 dehinc
695 3227 740 3297 de
756 3223 946 3321 Calpurnio
962 3223 1097 3313 Pisone,
1115 3251 1179 3298 no-

212 3345 272 3420 bili
291 3372 331 3419 ac
348 3344 454 3418 feroci
471 3344 557 3417 viro.
598 3346 631 3418 Is
648 3370 814 3441 namque,
831 3364 872 3415 ut
887 3342 1001 3430 retuli,
1028 3349 1055 3384 “
1072 3346 1180 3416 ceslii·
1258 3380 1264 3385 ·

210 3474 238 3509 “
256 3492 333 3538 rum
349 3467 381 3537 se
398 3466 498 3538 Urbe
522 3466 570 3538 ob
582 3462 745 3536 fadiones
762 3460 1041 3549 accusatorum‚'’
1063 3461 1099 3533 in
1130 3462 1180 3535 se·

207 3607 291 3659 natu
315 3584 570 3658 clamitaverat:
610 3587 644 3654 &
672 3580 782 3679 spretd
810 3579 963 3677 potenti&
995 3581 1180 3677 Augustae,

210 3707 343 3778 trahere
360 3701 464 3800 injus
481 3700 728 3800 Urgulaniam,
742 3701 921 3795 domoque
937 3697 1104 3795 Principis
1121 3725 1184 3772 ex·

212 3825 280 3898 cire
296 3823 393 3898 ausus
410 3842 492 3897 erat.
543 3823 632 3917 Qrae
659 3820 695 3891 in
723 3816 870 3915 praesens
893 3816 1054 3889 Tiberius
1070 3817 1182 3891 civili-

211 3963 261 4017 ter
278 3943 421 4018 habuit:
448 3942 505 4016 sed
521 3938 692 4014 inanimo
709 3939 909 4011 revolvente
923 3934 1004 4024 iras,
1030 3935 1133 4010 etiam
1158 3941 1181 4011 st

673 4058 701 4128 P
727 4083 751 4148 4
