2986 5138
254 615 291 691 lv

113 801 116 807 '
256 786 302 877 se,
330 811 411 861 cum
437 784 554 859 ceteris
570 784 685 858 Taciti
710 783 815 875 libris,
845 782 948 857 etiam
973 781 1128 880 quinque
1154 779 1222 881 pti·

255 931 346 995 mos,
374 932 394 978 a
411 905 500 977 Phil.
518 905 685 977 Beroaldo
704 904 796 999 prius
822 902 1016 1000 castigatos,
1042 928 1126 974 mox
1144 928 1228 976 vero

253 1022 322 1097 ase
349 1023 474 1097 iterum
495 1025 664 1122 cognitos,
690 1023 784 1109 date,
808 1047 871 1095 nec
894 1022 963 1117 ipse
990 1022 1226 1116 comparando

252 1143 450 1238 repererim,
486 1145 583 1240 quod
610 1169 654 1216 ex
683 1168 725 1215 eo
753 1142 843 1214 libro
870 1142 1017 1213 dudum
1042 1139 1226 1212 videretur.

184 1299 187 1304 ·
254 1263 439 1335 Beroaldus
455 1289 500 1335 an
517 1288 559 1335 eo
576 1261 652 1335 usus
680 1260 794 1347 suerit,
821 1259 895 1355 post
912 1258 1121 1331 videbimus.
1170 1260 1227 1330 De

253 1380 453 1454 auctoritate
469 1381 610 1454 Codicis
627 1406 696 1452 non
712 1377 787 1451 satis
804 1376 1019 1451 consentiunt
1036 1377 1101 1449 viri
1117 1375 1225 1448 dotti.

254 1502 290 1594 J.
300 1501 500 1572 Gronovius
515 1500 657 1596 quidem
670 1517 805 1571 tantum
822 1497 851 1569 ei
868 1497 1002 1586 tribuit,
1021 1517 1060 1569 ut
1077 1496 1226 1568 modum

252 1618 418 1691 excedere
439 1617 605 1690 videatur.
655 1615 872 1689 Moderatius
896 1613 1055 1688 Graevius
1075 1612 1225 1711 judicat,

254 1735 292 1809 in
310 1761 365 1831 ep.
391 1737 435 1807 ad
458 1736 653 1808 Heinsrum.
701 1736 748 1807 T.
765 1737 828 1808 lV.
845 1736 937 1807 Coll.
955 1737 993 1806 B.
1011 1759 1046 1829 p.
1059 1735 1141 1828 498.
1166 1732 1227 1828 qui

255 1858 424 1949 exemplar,
452 1856 531 1926 unde
552 1856 605 1925 ille
611 1854 722 1945 fluxit,
749 1854 925 1948 mendosum,
948 1853 987 1925 st?
1007 1855 1046 1923 ab
1061 1852 1229 1944 semidoc‘lo

254 1975 470 2070 interpolatum
500 1991 606 2069 putat.
656 1972 697 2042 In
727 1969 846 2066 primis
870 1969 1062 2061 observavi,
1093 1991 1226 2043 utrum·

253 2118 322 2189 que
349 2092 521 2165 Codicem
547 2088 690 2162 subinde
720 2113 861 2184 peccare
887 2089 1065 2162 omiffione
1088 2089 1226 2183 syllabae

252 2209 397 2306 alicujus
414 2207 562 2281 mediae:
590 2206 662 2279 vid.
690 2206 782 2279 dieta
806 2208 850 2278 ad
879 2211 925 2280 A.
942 2208 992 2296 ΙΙ,
1016 2208 1074 2303 63.
1103 2206 1225 2283 confu-

254 2331 345 2400 sione
369 2324 575 2422 syllabarum
592 2327 630 2395 de
657 2329 690 2398 δι
712 2326 760 2416 di,
784 2326 963 2398 omiffione
987 2325 1106 2400 litterae
1133 2354 1162 2400 m
1189 2328 1226 2400 in

254 2443 463 2519 accusativis.
514 2445 656 2517 Habere
687 2450 720 2518 ὃς
750 2446 961 2542 glossemata,
988 2445 1129 2519 constat.
1154 2447 1227 2520 vid.

253 2565 347 2638 dieta
362 2564 404 2636 ad
423 2547 579 2652 xv1,'2.
628 2565 793 2636 Ceterum
816 2588 859 2636 ex
877 2564 944 2635 hoc
961 2562 1094 2638 Codice
1110 2565 1228 2639 omnia

254 2683 320 2756 alia
335 2681 460 2777 scripta
475 2680 590 2754 Taciti
606 2681 817 2777 exemplaria
842 2680 991 2771 fluxisse,
1021 2701 1061 2753 ut
1083 2686 1117 2778 J.
1134 2686 1226 2757 Gro·
1278 2696 1281 2704 '

253 2801 378 2873 novius
404 2798 540 2872 videtur
563 2800 752 2890 credidisse,
778 2825 850 2873 non
875 2802 1023 2874 audeam
1048 2827 1109 2899 pro
1133 2821 1226 2876 certo

253 2920 436 3006 affirmare,
462 2921 518 2990 etst
543 2916 721 2991 consensus
747 2918 906 2991 omnium
932 2918 969 2991 in
996 2920 1226 3018 transposttio·

255 3037 372 3126 nibus,
398 3055 436 3108 ut
453 3036 547 3108 Hist.
561 3038 626 3126 ΙΙΙ,
643 3059 675 3132 5.
701 3039 757 3132 65.
785 3037 948 3112 credibile
970 3039 1061 3113 facit.
1110 3040 1224 3137 Speci-

254 3181 337 3229 men
353 3153 526 3251 scripturae
542 3179 587 3227 ex
614 3157 660 3227 L.
677 3156 760 3227 Xll.
788 3158 917 3229 Annal.
933 3155 1070 3232 inseruit
1093 3159 1227 3233 Mabil·

255 3276 368 3350 lonius
400 3272 510 3370 Operi
538 3272 790 3369 Diplomatico‚
825 3278 870 3348 L.
889 3278 934 3348 V.
963 3279 1054 3350 Tab.
1080 3301 1113 3375 5.
1139 3306 1173 3351 n.
1192 3301 1226 3375 5.

255 3422 291 3492 p.
325 3418 406 3492 553.
446 3392 568 3465 melius
599 3391 726 3465 dedere
759 3395 929 3468 Austores
959 3396 1058 3469 Novi
1100 3397 1227 3494 Operis

252 3511 492 3611 Diplomatici,
520 3513 611 3584 Tab.
627 3536 687 3608 49.
718 3511 830 3608 qui&
853 3534 1013 3587 accurate
1029 3514 1074 3586 de
1091 3539 1133 3587 eo
1154 3517 1224 3587 Co-

252 3634 331 3706 dice
349 3631 574 3718 tradiderunt,
602 3656 636 3725 p.
654 3634 734 3727 278.
755 3655 838 3728 279.
855 3631 891 3703 in
908 3631 1027 3728 primis
1048 3629 1225 3706 inserenda

252 3750 393 3845 epistola
420 3747 670 3822 bibliothecarii
695 3750 850 3823 Medicei
873 3748 971 3847 super
1000 3751 1069 3825 hoc
1093 3750 1225 3825 Codice

252 3893 285 3941 a.
307 3891 395 3965 1752
414 3869 458 3940 ad
475 3866 650 3942 Botarium
667 3870 711 3942 V.
728 3869 770 3943 C.
786 3866 919 3966 scripta.
