2986 5138
304 624 388 681 XXX<

304 799 475 872 Beroaldus
499 798 544 868 al
566 794 750 871 Ieltorem:
774 790 930 895 Quoniam
955 800 1047 864 vetus
1070 785 1180 877 Codex,
1201 790 1281 865 unde

304 918 384 991 bunc
405 918 502 1016 ipsum
529 917 752 1009 describendum
782 930 875 1012 atque
907 909 1127 1007 invulgandum
1158 913 1282 997 curavi,

299 1040 445 1137 pluribus
468 1038 585 1109 mendis
600 1037 718 1130 scatet,
744 1060 863 1132 equum
893 1033 1036 1120 videtur,
1063 1027 1225 1103 bettonem
1248 1035 1284 1103 in

300 1160 403 1255 primo
428 1158 515 1254 quast
525 1161 626 1253 operis
641 1158 760 1245 limine,
778 1155 892 1247 confilii
917 1154 989 1236 mei,
1018 1173 1075 1246 quo
1094 1150 1128 1218 in
1152 1161 1213 1220 toto
1232 1150 1287 1222 boc

304 1281 421 1374 negotio
436 1280 597 1371 uostesstum,
621 1278 791 1349 admonere.
843 1271 987 1368 Namque
1000 1289 1132 1357 amores,
1160 1270 1215 1364 qui
1224 1285 1283 1364 po·

305 1412 409 1472 lerant
424 1402 509 1471 milla
534 1401 721 1472 lembulis
737 1413 808 1471 nola
822 1397 991 1488 milliari,
1017 1412 1159 1504 consulti,⁴
1180 1413 1286 1507 primo

305 1519 456 1590 naomnllis
481 1519 614 1590 eruditis
639 1520 680 1591 ὅ
698 1525 782 1592 acris
795 1525 918 1620 judicii
941 1530 1036 1613 viris,
1058 1530 1185 1600 correxi.
1236 1528 1285 1600 At

306 1661 375 1735 qua
389 1639 454 1708 loca
481 1642 625 1733 majmm
650 1642 683 1710 iu
695 1643 737 1735 st
752 1645 926 1738 corrigendi
938 1644 1148 1740 dffcooltatem
1172 1646 1286 1719 babere

305 1757 509 1847 videbantur,
520 1761 605 1849 stent
619 1775 721 1847 erant,
744 1763 867 1859 reliqui,
883 1767 1028 1859 apposttis
1043 1768 1184 1837 interiori
1198 1788 1287 1835 mar-

295 1902 299 1910 ·
303 1879 377 1974 gini
382 1878 527 1973 stellulis,
551 1903 620 1975 qua
634 1881 777 1973 vitiosum
794 1880 931 1954 Codiaem
952 1886 1148 1977 testarentur.
1190 1884 1287 1978 Sepo-

296 1997 421 2090 suimus
445 2021 518 2070 vero
542 2000 655 2070 tilmon
684 2002 717 2069 iu
743 2000 826 2071 calce
850 2004 955 2099 quinti
979 2004 1066 2089 libri,
1089 2006 1123 2073 in
1147 2025 1202 2098 quo
1226 2019 1290 2097 per

307 2140 465 2190 numerum
495 2118 673 2190 chartarum
693 2119 849 2210 stellulom
876 2121 973 2219 ipsam
1000 2147 1066 2194 cum
1081 2122 1142 2218 suo
1166 2145 1289 2193 numero

308 2249 455 2334 tanquam
482 2236 528 2306 ad
553 2237 680 2329 ruffam
706 2238 862 2312 dicendam
895 2246 928 2312 in
950 2242 1106 2337 judicium
1133 2264 1287 2314 vacemus.

310 2356 364 2425 Ibi
377 2356 448 2426 dum
463 2357 559 2427 lellor
579 2368 636 2428 aut
656 2357 886 2447 dubitationem,
908 2372 964 2432 aut
980 2361 1146 2456 opinionem
1163 2361 1292 2454 nostram

310 2475 427 2560 audiet,
443 2476 498 2547 vel
508 2475 698 2570 sententium
716 2480 901 2576 approbabit
922 2503 1042 2565 meam,
1066 2478 1122 2551 vel
1134 2478 1287 2550 meliorem

311 2594 377 2689 ipse
406 2594 529 2687 oojfmet.
579 2597 728 2689 Verum,
758 2601 816 2670 etsi
851 2623 891 2671 ea
918 2595 1100 2697 diligentia
1126 2594 1160 2669 se
1188 2595 1289 2670 usum

308 2714 459 2788 ostendit
474 2717 676 2808 Beroaldus,
697 2717 743 2790 ad
759 2719 889 2792 calcem
906 2717 985 2792 libri
1001 2715 1128 2814 quinti,
1154 2735 1193 2790 ut
1209 2715 1289 2788 illos

311 2832 401 2931 ipsos
436 2835 590 2934 quinque
618 2837 739 2926 libros,
763 2835 839 2937 jam
868 2836 989 2911 formis
1017 2833 1172 2924 excusos,
1208 2859 1291 2908 cum

311 2955 447 3029 Codice
463 2976 576 3030 vetere
593 2958 791 3048 contulerit,
818 2962 852 3030 δι
870 2983 948 3054 quae
961 2982 1075 3053 operae
1094 2953 1287 3045 variaffent,

312 3075 508 3149 annotarit:
537 3097 653 3151 tamen
670 3077 748 3175 post
769 3104 850 3152 eum
866 3077 1019 3150 Pichena
1036 3079 1069 3147 ἃ
1095 3077 1130 3169 J.
1152 3075 1292 3147 Grono-

314 3193 393 3267 vius
409 3220 480 3267 non
498 3194 633 3270 irritum
649 3198 805 3270 laborem
818 3193 1087 3284 consumserunt,
1109 3218 1191 3266 curn
1204 3216 1290 3266 eun·

312 3314 397 3388 dem
419 3334 572 3388 veterem
598 3316 769 3390 Codicem
797 3343 879 3390 cuno
906 3316 1005 3389 editis
1034 3314 1235 3387 contulere:
1272 3337 1292 3385 e

312 3461 466 3534 quorum
493 3435 617 3511 notatis
644 3457 751 3535 patet,
776 3437 982 3511 Beroaldum
1009 3434 1066 3507 vel
1093 3457 1154 3530 per
1179 3430 1291 3529 negli-

312 3557 482 3654 gentiam,
505 3557 561 3631 vel
578 3556 752 3654 scripturae
769 3555 893 3630 veteris
920 3552 1101 3641 inscitiam,
1128 3576 1199 3624 non
1217 3574 1293 3622 raro

313 3701 337 3748 a
364 3702 445 3751 veta
471 3676 617 3749 leitione
646 3676 724 3748 libri
752 3676 933 3764 aberrasse,
963 3670 1190 3769 quodetiam
1217 3666 1292 3741 aliis

315 3795 401 3868 olim
429 3794 511 3868 viris
540 3795 664 3885 dodis,
698 3798 733 3866 bc
764 3795 958 3867 Petrarchae
992 3790 1027 3864 in
1060 3786 1292 3863 describendis
1344 3863 1345 3866 ,

318 3913 497 3986 Ciceronis
524 3913 688 4010 epistolis,
725 3909 860 3986 accidit.
909 3911 976 3984 Sed
1008 3909 1095 3983 illud
1124 3905 1293 3981 monendi

319 4032 397 4108 sunt
422 4031 559 4106 studiofi
591 4034 714 4106 harum
744 4030 933 4122 literarum,
963 4053 1008 4102 ne
1029 4027 1181 4103 eundem
1209 4050 1293 4101 cum
