2986 5138
354 553 653 622 Aunssrunr
690 546 800 617 Lrn.
822 546 883 617 IV.
1079 573 1147 646 239

184 734 213 772 “
231 725 471 822 eruptionem”
487 721 684 797 suaderent:
704 746 816 818 neque
828 719 1012 818 ignobiles,
1026 749 1148 821 quam-

183 846 237 920 vis
253 845 373 917 diversi
391 841 570 916 sententiis.

231 967 278 1037 L.
293 967 438 1036 Vsnuns
456 989 475 1037 e
492 962 652 1051 ducibus,
670 962 785 1052 Dinis,
807 964 987 1058 provedus
1003 960 1148 1057 senens,

183 1091 217 1159 &
236 1088 343 1183 longo
369 1084 429 1157 usu
447 1082 519 1156 vim
541 1102 645 1179 atque
666 1082 884 1155 clementiam
901 1086 1097 1159 Romanam
1114 1114 1149 1165 e·

182 1209 319 1294 dedus,
346 1204 552 1300 “ponenda
583 1228 690 1291 arma,
725 1228 834 1274 unum
861 1201 1007 1275 adflictis
1035 1205 1070 1277 id
1099 1232 1150 1280 re·

186 1334 213 1370 “
232 1324 428 1413 medium,''
452 1324 641 1396 disserebat.
690 1319 895 1417 Primusque
910 1320 942 1393 se
959 1347 1042 1397 cum
1066 1352 1150 1399 con·

178 1444 323 1544 juge&
349 1443 462 1517 liberis
488 1441 610 1515 vidori
637 1440 810 1538 permisrt:
837 1441 941 1514 secuti
969 1463 1068 1516 aetate
1092 1467 1151 1521 aut

183 1567 266 1638 sexu
284 1562 463 1651 imbecilli,
491 1566 523 1634 δι
551 1560 678 1658 quibus
705 1558 814 1657 major
831 1561 925 1650 vitae‚
951 1562 1058 1658 quam
1075 1567 1152 1662 glo·

185 1684 257 1770 riae,
284 1683 424 1780 cupido.
475 1686 524 1754 At
538 1679 703 1778 juventus
719 1680 861 1751 Tarsam
878 1680 965 1753 inter
988 1687 1021 1755 &
1038 1686 1151 1758 Ture-

185 1807 247 1876 srm
268 1803 538 1875 distrahebatur:
561 1799 701 1895 utrique
727 1798 934 1872 destinatum
950 1825 1032 1873 cum
1049 1803 1151 1877 liber·

184 1943 255 1995 tate
271 1921 452 1995 occidere:
479 1919 537 1992 sed
564 1918 668 1991 Tarsa
695 1924 721 1961 “
742 1943 926 2014 properum
945 1922 1066 2011 linem,
1090 1928 1151 1997 ab·
1246 1954 1248 1959 ·

184 2049 216 2089 ·“
234 2043 445 2137 rumpendas
482 2038 606 2136 pariter
631 2036 704 2135 spes
729 2064 769 2110 ac
798 2039 935 2110 metus''
959 2041 1151 2134 clamitans,

183 2162 280 2235 dedit
296 2162 513 2256 exemplum,
538 2158 682 2231 demisso
699 2157 734 2229 in
748 2159 866 2254 pedus
880 2155 990 2232 ferro:
1017 2186 1080 2234 nec
1092 2164 1154 2236 de·

185 2281 280 2356 susre
315 2280 375 2378 qui
402 2279 526 2351 eodem
550 2278 658 2350 modo
687 2297 898 2374 oppeterent.
946 2280 1081 2355 Turesrs
1097 2281 1154 2358 sus

184 2428 267 2479 cum
294 2427 402 2474 mauu
429 2400 568 2470 nodem
595 2396 788 2494 opperitur,
814 2399 907 2472 haud
936 2397 1046 2473 neseio
1063 2402 1154 2476 duce

187 2521 312 2592 nostro.
361 2518 471 2615 Igitur
489 2520 633 2590 firmata
658 2516 818 2591 stationes
840 2519 1052 2593 densioribus
1077 2523 1154 2619 glo-⁴

185 2639 263 2723 bis;
290 2642 324 2710 &
342 2637 523 2733 ingruebat
541 2662 612 2708 nox
628 2636 751 2709 nimbo
767 2656 878 2728 atrox,
896 2636 1067 2737 hostisque
1083 2643 1153 2714 cla-

186 2781 283 2830 more
299 2755 455 2843 turbido,
481 2755 588 2826 modd
606 2781 666 2852 per
684 2755 817 2829 vastum
838 2757 1020 2849 srlentium,
1046 2760 1154 2834 incer-

186 2897 240 2950 tos
256 2873 439 2946 obsessores
470 2873 649 2946 effecerat:
677 2875 758 2947 clam
786 2876 930 2951 Sabinus
962 2878 1153 2971 circumire,

186 2994 326 3083 hortari,
353 3000 380 3034 “
399 3017 442 3065 ne
466 2993 510 3064 ad
527 2992 692 3091 ambigua
719 2993 860 3085 sonitlrs,
886 3016 945 3069 aut
970 2999 1154 3073 simulatio·

187 3120 216 3158 “
236 3138 316 3186 nem
336 3112 472 3209 quietis,
498 3111 612 3187 casum
636 3113 868 3187 infidiantibus
892 3117 1072 3213 aperirent,
1096 3119 1155 3192 sed

187 3239 215 3275 “
234 3231 292 3305 sua
326 3230 470 3328 quisque
497 3230 616 3303 munia
643 3231 812 3307 servarent
837 3232 986 3329 immoti,
1000 3236 1154 3338 ⁸telisque:

186 3357 215 3393 “
234 3376 303 3423 non
323 3348 498 3423 insalsum
514 3349 650 3448 jadi8.''

234 3472 297 3542 LI.
323 3472 500 3541 lurnnnrr
514 3470 647 3544 barbari
660 3471 802 3546 catervis
816 3475 1045 3567 decurrentes,
1061 3504 1155 3553 nunc

186 3590 223 3662 in
241 3590 372 3662 vallum
402 3588 574 3661 manualia
600 3589 692 3680 saxa,
720 3592 880 3688 praeustas
906 3593 1018 3684 sudes,
1043 3596 1155 3673 decisa

185 3710 310 3782 robora
320 3705 457 3804 jacere:
486 3732 579 3780 nunc
598 3708 767 3807 virgultis,
794 3716 828 3785 &
844 3712 1003 3803 cratibus,
1031 3717 1153 3788 &con

187 3828 330 3924 poribus
353 3825 533 3915 exanimis,
550 3829 724 3924 complere
740 3830 857 3904 fossas:
889 3831 1049 3929 quidam,
1067 3859 1153 3930 pon·

185 3967 237 4027 tes
254 3951 286 4027 ὃς
305 3947 406 4025 scalas
432 3946 510 4025 ant&
528 3943 696 4038 fabricati,
722 3947 844 4031 inferre
870 3953 1152 4058 propugnaculis,
