2986 5138
509 566 814 637 Aunaarunr
848 565 955 635 Lrn.
988 562 1033 637 ΙΙ.
1187 584 1229 661 77

266 759 325 813 aut
350 735 505 810 modicas
533 735 656 809 insulas
681 734 968 822 circumveniens,
1003 734 1096 829 apud
1137 735 1230 831 prin·

266 859 399 955 cipium
423 856 496 952 agri
522 855 655 943 Batavi,
678 854 830 926 velutin
854 855 940 926 duos
963 876 1082 924 amnes
1106 853 1230 925 dividi·

264 997 334 1064 tur,
359 974 536 1069 servatque
569 998 697 1045 nomen
728 971 984 1044 &violentiam
1005 974 1136 1060 cursbs,
1163 974 1231 1068 qua

266 1092 489 1166 Germaniam
518 1091 738 1186 praevebitur,
773 1092 884 1162 donec
921 1091 1063 1160 Oceano
1094 1088 1230 1162 miscea-

265 1233 344 1285 tur:
379 1211 423 1282 ad
458 1209 628 1282 Gallicam
665 1209 778 1305 ripam
803 1207 956 1280 latior&
982 1206 1149 1301 placidior
1170 1209 1231 1279 ad·

267 1334 391 1419 fluens,
423 1327 518 1401 verso
556 1348 792 1425 cognomento
826 1326 971 1397 Vahalem
1011 1327 1137 1396 accolae
1178 1325 1231 1396 di-

264 1470 372 1522 cunt:
413 1474 498 1520 mox
527 1447 562 1518 id
596 1471 735 1542 quoque
760 1446 968 1517 vocabulum
1004 1465 1113 1515 mutat
1140 1445 1232 1537 illusa*

265 1568 422 1655 flumine,
446 1565 582 1663 ejusque
604 1562 770 1636 immenso
793 1589 853 1635 ore
877 1563 1039 1634 eumdem
1063 1562 1099 1634 in
1121 1565 1231 1636 Ocea·

264 1711 349 1757 num
375 1684 573 1757 effunditur.

310 1807 388 1875 Vll.
415 1808 489 1876 Sao
510 1806 667 1892 Casan,
691 1805 776 1875 dum
798 1802 985 1900 adiguntur
1006 1828 1124 1892 naves,
1152 1803 1228 1875 Sili-

262 1949 322 1994 um
348 1925 501 2019 legatum
525 1948 607 1994 cum
624 1922 785 2018 expediti
811 1948 915 1992 manu
940 1921 1173 2016 inruptionem
1193 1923 1229 1995 ln

260 2043 378 2114 Cattos
397 2039 507 2114 facere
521 2040 645 2139 jubet:
683 2039 766 2137 ipsc,
792 2041 908 2112 audito
930 2040 1105 2112 castellum
1129 2044 1230 2137 Lup-

263 2160 328 2257 piae
353 2160 488 2233 flumini
512 2163 706 2257 adpositum
735 2159 893 2248 obsideri,
927 2158 982 2231 sex
1012 2159 1164 2255 legiones
1188 2160 1230 2232 eb

263 2280 372 2352 duxit.
422 2283 547 2376 Neque
562 2280 645 2351 Silio
670 2282 717 2351 ob
745 2278 872 2351 subitos
896 2277 1024 2350 imbres
1051 2278 1144 2350 aliud
1172 2305 1229 2352 ac-

262 2416 351 2486 tum,
371 2399 476 2495 quim
496 2420 533 2470 ut
564 2398 740 2471 modicam
765 2399 932 2493 praedam,
960 2402 993 2468 dc
1021 2397 1109 2493 Arpi
1133 2398 1227 2494 prin-

264 2516 349 2612 cipis
391 2519 571 2591 Cattorum
611 2515 809 2613 conjugem,
852 2515 1031 2612 filiamque
1066 2541 1224 2612 raperet:

259 2635 507 2736 nequeCaesari
524 2637 661 2732 copiam
686 2661 817 2732 pugnae¹
828 2634 1010 2707 obsessores
1028 2634 1151 2727 secsre,
1181 2640 1226 2709 ad

259 2752 387 2825 samam
412 2756 581 2826 adventsrs
602 2752 673 2850 ejus
697 2755 828 2849 dilapfi.
889 2754 1085 2827 Tumulum
1110 2777 1226 2827 tamen

258 2899 369 2968 nuper
390 2872 544 2944 Varianis
572 2872 764 2969 legionibus
796 2872 974 2959 struslum,
1008 2877 1041 2943 &
1075 2894 1225 2946 veterem

257 3017 352 3062 aram
370 2990 481 3064 Druso
506 2994 600 3073 sitam
612 2988 835 3086 disjecerant:
860 2990 1004 3064 restituit
1020 3018 1113 3064 aram
1128 3023 1137 3077 ;
1161 2996 1224 3065 ho-

259 3109 404 3205 norique
434 3108 535 3204 patris
558 3108 717 3205 princeps
744 3105 814 3205 ipse
843 3135 924 3181 cum
949 3109 1143 3207 legionibus
1163 3115 1224 3185 de-

256 3228 418 3300 cucurrit.
457 3229 651 3299 Tumulum
667 3226 786 3301 iterare
803 3229 896 3300 haud
909 3226 1040 3301 visum:
1071 3234 1102 3300 δε
1120 3255 1225 3302 cunc-

255 3366 290 3416 ta
318 3346 404 3417 inter
433 3345 612 3417 castellum
634 3345 825 3436 Alisonem,
856 3373 895 3419 ac
920 3349 1103 3436 Rhenum,
1127 3348 1226 3420 novis

255 3463 436 3554 limitibus,
464 3463 715 3562 aggeribusque
732 3464 937 3563 permunita.

303 3586 397 3655 Vlll.
424 3586 592 3677 Jnmoua
608 3586 714 3657 classis
730 3586 931 3671 advenerat,
954 3582 1035 3655 cum
1057 3582 1225 3678 praemilso

256 3722 466 3791 commeatu,
505 3706 537 3774 δι
566 3701 751 3775 distributis
780 3702 815 3773 in
844 3701 994 3798 legiones
1035 3725 1074 3774 ac
1114 3699 1223 3773 socios

261 3819 417 3909 navibus,
443 3819 577 3909 fossam,
601 3821 656 3893 cui
684 3821 850 3911 Drustanae
876 3846 1017 3910 nomen,
1042 3819 1222 3916 ingressus,

262 3938 485 4038 precatusque
511 3936 663 4012 Drusum
687 3960 833 4036 patrem,
861 3946 941 4012 “ut
964 3937 997 4011 se
1020 3940 1139 4013 eadem
1163 3965 1223 4013 au·
