2986 5138
409 607 716 676 nisteron
750 601 859 673 Lra.
884 602 945 672 IV.
1117 626 1183 677 aot

217 781 284 852 tior
308 777 379 865 via,
407 781 440 849 δι
466 775 622 849 aDruso
646 773 809 869 incipere,
859 773 894 845 in
929 798 1035 870 quem
1069 800 1187 850 recen,
1278 752 1286 764 ⁶

218 898 245 968 ti
284 897 333 968 irs
367 893 548 967 ferebatur.
615 897 711 965 Nam
752 891 882 965 Drusus
916 893 1098 989 impatiens
1139 923 1187 969 ω,

218 1015 319 1100 muli,
347 1019 381 1085 δι
399 1012 517 1085 animo
535 1012 757 1100 commotior,
785 1033 860 1084 orto
888 1010 976 1084 sorte
995 1010 1117 1110 jurgio
1134 1016 1188 1088 in-

219 1134 376 1206 tenderat
392 1130 511 1228 Sejano
524 1157 661 1219 manus,
689 1135 722 1202 δι
736 1131 856 1202 contria
873 1131 1045 1204 tendentis
1060 1157 1099 1203 os
1112 1158 1189 1206 ver-

217 1256 407 1324 beraverat.
457 1249 569 1345 Igitur
584 1252 711 1322 cunsla
734 1249 879 1321 tentanti
898 1249 1190 1345 promptissimum

219 1371 345 1460 visum,
372 1370 417 1440 ad
432 1394 579 1440 uxorem
603 1367 675 1464 ejus
696 1369 837 1441 Liviam
860 1387 1085 1454 convertere;
1112 1396 1190 1467 quae

219 1488 312 1562 soror
341 1488 555 1577 Germanici,
583 1487 703 1560 formae
734 1488 832 1559 initio
865 1486 974 1559 aetatis
1002 1485 1189 1579 indecora,

220 1633 306 1682 mox
324 1606 581 1703 pulchritudine
599 1607 826 1715 praecellebat.
878 1609 1000 1695 Hanc,
1017 1626 1056 1678 ut
1072 1632 1192 1680 amore

218 1725 387 1815 incensus,
426 1725 595 1798 adulterio
624 1726 787 1820 pellexit:
816 1729 848 1797 &
875 1725 1062 1822 postquam
1086 1726 1192 1822 primi

218 1844 341 1941 flagitii
370 1845 499 1940 potitus
521 1829 584 1932 est',
613 1847 745 1940 (neque
774 1842 916 1932 femina,
943 1843 1063 1917 amissas
1087 1843 1189 1941 pudi-

201 1958 311 2052 citia
335 1964 400 2035 alia
418 1963 593 2056 abnuerit)
613 1963 657 2034 ad
674 1961 826 2061 conjugii
842 1961 953 2058 spem,
979 1960 1191 2037 consortium

218 2083 334 2180 regni,
362 2088 395 2155 ὃτ
414 2107 536 2154 necem
554 2082 667 2154 mariti
696 2081 848 2177 impulit.
898 2084 1019 2177 Atque
1035 2080 1107 2170 illa,
1134 2079 1192 2155 cui

218 2202 410 2275 avunculus
422 2201 618 2298 Augustus,
644 2198 737 2273 socer
760 2198 937 2288 Tiberius,
963 2223 1008 2270 ex
1025 2198 1137 2273 Druso
1152 2200 1193 2274 li·

221 2321 308 2409 beri,
334 2319 438 2417 seque
454 2345 494 2393 ac
519 2317 716 2416 majores&
742 2317 897 2414 posteros
921 2317 1128 2414 municipali
1154 2345 1192 2393 a·

218 2440 355 2512 dultero
375 2436 553 2524 foedabat3
580 2458 619 2510 ut
639 2464 702 2534 pro
726 2435 927 2509 honestis&
952 2436 1191 2532 praesentibus,

219 2558 390 2656 flagitiosa
414 2563 448 2631 &
467 2559 596 2631 incerta
609 2557 830 2653 exspectaret.
881 2555 1034 2631 Sumitur
1054 2556 1192 2632 incon·

219 2677 396 2751 scientiam
426 2676 621 2765 Eudemus,
647 2674 780 2748 amicus
807 2700 848 2747 ac
878 2674 1033 2747 medicus
1060 2675 1190 2768 Livia,

219 2797 330 2893 specie
358 2794 436 2866 artis
463 2793 624 2890 frequens
647 2793 804 2867 secretis:
834 2792 931 2889 pellit
964 2795 1073 2866 domo
1101 2795 1192 2894 Seja-

218 2941 285 2990 nus
301 2938 450 2986 uxorem
468 2912 668 3008 Apicatam,
694 2937 739 2984 ex
766 2915 834 3009 qus
850 2932 918 2985 tres
934 2912 1059 2984 liberos
1083 2939 1193 3010 genu·

218 3052 302 3121 erat,
329 3057 373 3104 ne
396 3031 511 3127 pellici
526 3028 780 3126 suspestaretur.
831 3030 902 3103 Sed·
918 3030 1124 3127 magnitudo
1140 3031 1192 3106 fa.-

219 3152 343 3226 cinoris
359 3170 508 3241 metum,
527 3148 749 3246 prolationes,
767 3148 899 3222 diversa
914 3147 1089 3227 interdum
1108 3177 1191 3226 con-

219 3271 289 3346 silia
304 3267 493 3344 adferebat.

268 3393 329 3463 lV.
357 3392 538 3461 luranrru
573 3387 655 3459 anni
685 3387 868 3484 principie,
895 3386 1026 3460 Drusus
1041 3413 1086 3460 ex
1103 3391 1191 3462 Ger·

220 3508 350 3585 manici
380 3506 498 3586 liberis
526 3527 647 3604 togam
677 3491 815 3590 virilem
840 3504 1003 3600 sumpfit;
1043 3533 1193 3606 quaeque

219 3629 312 3703 fratri
340 3625 412 3724 ejus
443 3626 576 3699 Neroni
610 3626 809 3698 decreverat
846 3623 992 3713 senatus,
1027 3626 1190 3721 repetita:

219 3747 353 3826 addidit
377 3745 569 3818 orationem
592 3743 717 3833 Caesar,
754 3744 864 3816 multd
890 3768 972 3816 cum
1001 3743 1103 3816 laude
1129 3745 1193 3818 filii

220 3865 284 3956 sui,
314 3873 341 3908 “
356 3863 452 3961 quod
470 3864 578 3960 patris
602 3863 842 3935 benevolentias
862 3861 898 3934 in
921 3861 1031 3935 fratris
1070 3861 1194 3937 liberos

222 3993 252 4081 ξ(
271 3985 395 4075 soret.''
439 3986 538 4058 Nam
554 3981 689 4062 Drusus
710 3985 946 4081 (quamquam
962 3981 1113 4065 arduum
1139 3985 1193 4074 sit,
