2986 5138
477 584 781 653 nsaiwan
815 583 927 653 Lra.
960 582 1005 653 II.
1155 602 1220 676 125

257 746 411 821 Tiberio.
458 751 585 845 Neque
605 749 716 821 multo
732 750 808 847 post
823 750 1064 847 exstinguitur,
1090 747 1222 845 ingenti

258 868 353 939 luctu
383 867 567 963 provinciae
596 873 629 940 δι
659 867 972 965 circumjacentium
1002 871 1221 964 populorum.

256 987 438 1059 Indoluere
459 1006 581 1058 exterae
604 985 757 1058 nationes
774 986 938 1084 regesque
952 1015 963 1072 ;
989 1006 1082 1057 tanta
1098 986 1146 1057 illi
1163 1012 1222 1059 co·

256 1104 354 1177 mitas
370 1105 406 1176 in
422 1104 544 1192 socios,
574 1102 798 1177 mansuetudo
814 1104 850 1176 in
865 1104 1000 1188 hostes;
1028 1102 1172 1200 visuque
1189 1109 1223 1177 ὅτ

255 1223 377 1295 auditu
398 1221 501 1319 juxta
525 1223 742 1312 venerabilis,
777 1223 859 1295 clun
882 1220 1160 1319 magnitudinem
1189 1227 1223 1296 ὅτ

257 1342 459 1438 gravitatem
478 1341 619 1414 summae
635 1342 778 1414 fortunae
799 1341 970 1429 retineret,
1000 1339 1168 1413 invidiam
1189 1346 1223 1414 ὅτ

256 1460 495 1558 adrogantiam
512 1461 690 1557 effugerat.

303 1581 475 1652 LXXIII.
493 1581 523 1651 F
525 1603 625 1650 unus
644 1581 712 1650 fine
728 1577 983 1674 imaginibus&
996 1579 1136 1672 pompa,
1162 1602 1223 1674 per

255 1699 388 1787 laudes,
416 1702 448 1770 δι
476 1697 682 1770 memoriam
707 1697 874 1769 virtutum
897 1693 966 1792 ejus
989 1696 1121 1767 celebre
1144 1693 1219 1767 fuit.

257 1819 304 1889 Et
326 1837 422 1890 erant
443 1815 502 1914 qui
527 1816 691 1905 formam,
717 1835 865 1902 atatem,
892 1839 1000 1910 genus
1017 1814 1149 1903 mortis,
1175 1817 1223 1887 ob

256 1936 549 2033 propinquitatem
568 1935 672 2007 etiam
694 1936 864 2021 locorum,
890 1932 926 2003 in
943 1932 1067 2028 quibus
1083 1931 1222 2023 interiit,

186 2142 189 2148 Ι
255 2055 382 2151 Magni
412 2054 606 2128 Alexandri
635 2053 711 2126 latis
737 2054 966 2147 adaquarent.
1018 2052 1158 2123 “Nam
1181 2078 1222 2124 u·

256 2176 284 2213 “
301 2192 463 2270 trumque
488 2197 632 2269 corpore
649 2173 789 2260 decore,
817 2194 942 2267 genere
964 2167 1101 2266 infigni,
1127 2171 1222 2243 haud

257 2294 285 2330 “
303 2291 453 2362 multum
466 2290 603 2387 triginta
615 2315 722 2363 annos
735 2291 917 2387 egreffum‚
943 2285 1080 2360 suorum
1095 2287 1223 2362 insidiis

257 2412 286 2449 “
304 2427 460 2481 externas
477 2409 564 2481 inter
581 2429 699 2506 gentes
715 2407 900 2481 occidiffe:
923 2403 981 2478 sed
994 2407 1087 2480 hunc
1100 2407 1223 2480 mitem

257 2532 285 2568 “
302 2551 383 2624 erga
399 2528 542 2617 amicos,
569 2528 748 2601 modicum
766 2528 997 2623 voluptatum,
1023 2552 1094 2599 uno
1104 2527 1222 2598 matri-

257 2651 285 2691 “
303 2645 434 2734 monio,
453 2646 552 2719 certis
563 2646 677 2719 liberis
687 2645 811 2742 egiffe:
831 2670 944 2741 neque
956 2645 1071 2718 minias
1084 2647 1222 2742 proelia-

257 2768 285 2805 “
302 2783 425 2854 torem,
438 2764 539 2836 etiam
553 2768 575 2836 fi
588 2764 757 2836 temeritas
775 2762 937 2850 abfuerit,
951 2763 1223 2861 praepeditusque

258 2887 285 2961 .“
303 2886 342 2954 srt
361 2881 527 2978 perculsas
543 2902 594 2954 tot
610 2881 759 2954 victoriis
776 2880 979 2954 Germanias
995 2880 1129 2953 servitio
1146 2909 1222 2978 pre-

258 3003 285 3041 “
304 3026 409 3073 mere.
454 2999 562 3098 Quid
575 3004 597 3072 s1
610 2999 698 3072 solus
712 3000 838 3073 arbiter
851 3026 980 3087 rerum,
999 3003 1020 3071 fi
1025 2997 1145 3096 jure&
1159 3026 1221 3071 no-

257 3124 284 3160 “
301 3118 395 3192 mine
407 3119 505 3217 regio
517 3119 640 3208 fuiffet,
667 3119 762 3191 tantb
774 3117 970 3215 promptius
982 3116 1222 3190 adsecuturum

256 3243 284 3280 “
303 3238 449 3335 gloriam
466 3237 610 3328 militiae,
637 3240 806 3335 quantiam
817 3237 1011 3324 clementia,
1028 3256 1221 3332 temperan-

257 3363 285 3399 “
303 3357 363 3446 tia,
375 3357 494 3430 ceteris
505 3357 604 3429 bonis
615 3355 745 3429 artibus
761 3354 1002 3452 praestitiflet.”
1014 3357 1149 3450 Corpus
1161 3381 1221 3426 an-

112 3505 116 3513 ·
174 3572 180 3583 ¹
257 3493 398 3570 tequam
415 3496 634 3563 cremaretur,
661 3477 831 3547 nudatum
849 3473 884 3544 in
901 3471 975 3544 foro
994 3471 1220 3546 Antiochien·

256 3595 355 3682 sium,
382 3591 443 3690 qui
472 3595 568 3665 locus
596 3592 774 3690 sepulturae
791 3591 1032 3664 destinabatur.
1058 3595 1221 3666 Praetule-

255 3709 343 3782 ritne
355 3711 511 3784 veneficii
524 3715 630 3809 signa,
657 3712 780 3807 parum
796 3710 967 3783 constitit:
995 3737 1075 3784 nam
1091 3733 1130 3784 ut
1145 3712 1222 3808 quis

255 3827 527 3906 misericordialin
541 3829 803 3920 Germanicum,
822 3833 855 3903 δι
869 3829 1075 3926 praesumptla
1087 3827 1220 3926 suspici·
