2986 5138
263 551 328 599 122
473 525 1059 602 ceonnnnrrrncm

253 718 356 795 atque
385 695 452 770 illic
479 694 600 796 fugam
634 719 781 787 tentans,
811 722 856 769 an
880 699 963 771 ficto
986 696 1145 790 crimine,
1169 697 1221 773 in·

255 816 430 890 terficitur.

301 937 468 1008 LXVIII.
512 936 592 1008 Pnn
624 935 717 1010 idem
749 956 885 1032 tempus
916 937 1093 1027 Vonones,
1115 961 1223 1035 quem

253 1075 412 1128 amotum
439 1053 475 1125 in
502 1054 659 1127 Ciliciam
681 1055 887 1143 memoravi,
915 1055 1083 1151 corruptis
1108 1055 1222 1128 eusto-

253 1175 354 1247 dibus
381 1174 532 1269 effugere
560 1174 605 1246 ad
635 1176 832 1265 Armenios,
873 1174 953 1247 inde
988 1173 1024 1244 in
1063 1175 1221 1248 Albanos

253 1290 540 1388 Heniochosque,
566 1295 600 1363 δι
617 1292 910 1390 consanguineum
928 1291 987 1366 fibi
1004 1318 1122 1391 regem
1137 1296 1222 1390 Scy-

254 1416 393 1485 tharum
411 1432 552 1484 conatus
564 1411 638 1484 est:
668 1408 777 1507 specie
805 1411 968 1500 venandi,
993 1413 1119 1485 omiffis
1148 1438 1221 1486 ma·

254 1530 377 1606 ritimis
395 1529 490 1619 locis,
508 1531 584 1602 avia
599 1529 747 1602 saltuum
763 1530 887 1627 petiit:
909 1556 996 1604 mox
1025 1531 1223 1628 pernicitate

255 1649 337 1746 equi
353 1651 397 1722 ad
413 1675 553 1721 amnem
569 1653 757 1746 Pyramum
770 1651 961 1742 contendit,
992 1650 1087 1749 eujus
1102 1672 1224 1746 pontes

255 1770 383 1841 accolae
400 1788 575 1865 ruperant,
605 1769 719 1843 auditb
742 1770 833 1867 regis
861 1768 970 1868 fugd:
994 1795 1108 1866 neque
1131 1771 1224 1841 vado

255 1887 418 1985 penetrari
433 1908 575 1984 poterat.
602 1888 712 1985 Igitur
725 1888 762 1960 in
786 1889 859 1986 ripd
883 1888 1048 1977 fluminis,
1073 1914 1094 1959 a
1115 1885 1221 1960 Vibio

254 2011 431 2082 Frontone
448 2007 610 2104 praefeno
627 2007 784 2104 equitum
799 2007 974 2082 vincitur:
1001 2032 1087 2080 mox
1111 2011 1221 2080 Rern-

257 2127 362 2217 mius,
391 2146 568 2215 evocatus,
602 2125 706 2223 priori
728 2127 892 2200 custodiae
916 2127 1008 2224 regis¹
1032 2126 1221 2221 adpofirus,

256 2249 349 2342 quasi
374 2271 434 2340 per
459 2242 545 2317 iram
563 2245 680 2342 gladio
697 2272 779 2319 eum
795 2246 972 2342 tranfigitz
996 2245 1089 2317 unde
1112 2243 1223 2342 major

257 2364 359 2451 fides,
378 2361 585 2437 conscientia
600 2363 747 2455 sceleris,
766 2369 799 2439 δι
816 2384 912 2438 metu
928 2361 1061 2453 indicii,
1074 2384 1224 2438 mortem
1311 2366 1323 2381 ‘

257 2481 393 2553 Vononi
417 2480 569 2555 inlatam.

303 2599 440 2671 LXIX.
471 2603 530 2671 Ar
560 2603 832 2677 Gnnntnnrcus
855 2602 1015 2701 AEgypto
1049 2627 1222 2694 remeans,

255 2719 380 2790 cuneta
395 2744 472 2816 quae
490 2720 582 2815 apud
600 2720 753 2817 legiones
769 2742 827 2795 aut
844 2725 947 2795 urbes
957 2719 1114 2819 jusserat,
1139 2726 1223 2796 abo-

256 2836 329 2926 lita,
364 2839 419 2909 vel
460 2837 495 2909 in
535 2839 744 2911 contrarium
783 2839 877 2914 versa
904 2842 1106 2940 cognoscit:
1144 2842 1226 2914 hinc

257 2981 376 3052 graves
389 2956 424 3027 in
436 2955 594 3030 Pisonem
611 2959 842 3049 contumeliae,
876 2987 940 3033 nec
958 2962 1073 3034 minbs
1089 2964 1223 3050 acerba,

256 3099 334 3169 quae
355 3078 399 3147 ab
422 3076 481 3147 illo
500 3076 536 3148 in
558 3075 727 3149 Caesarem
744 3081 977 3152 tentabantur.
1027 3081 1121 3153 Dein
1147 3079 1224 3152 Piso

256 3192 347 3264 abire
359 3193 452 3288 Syria
468 3195 606 3281 statuit;
636 3221 719 3268 mox
737 3197 879 3270 adversa
906 3199 1104 3272 Germanici
1133 3202 1223 3272 vale·

258 3312 377 3384 tudine
405 3313 574 3403 detentus,
597 3314 657 3388 ubi
685 3338 876 3389 recreatum
905 3318 1048 3414 accepit,
1074 3338 1225 3413 votaque

258 3457 321 3527 pro
345 3431 579 3530 incolumitate
622 3433 854 3526 solvebantur,
895 3439 1050 3510 admotas
1082 3436 1221 3523 hostias,

258 3548 475 3624 sacrificalem
510 3574 724 3648 apparatum,
765 3553 885 3629 festam
925 3556 1222 3629 Antioclriensrum

258 3669 412 3761 plebem,
440 3696 499 3765 pet
517 3672 652 3744 lictores
672 3677 860 3767 proturbat.
910 3676 1006 3746 Tum
1029 3672 1221 3744 Seleuciam
1290 3658 1294 3665 .

257 3785 461 3879 digreditur,
491 3789 668 3883 opperiens
697 3792 952 3887 aegritudinem,
979 3817 1057 3888 quae
1086 3789 1222 3862 rursum

259 3904 466 3976 Germanico
482 3907 647 3980 acciderat
664 3935 673 3980 ι
696 3907 822 3984 saevarn
852 3913 927 3988 vim
942 3909 1055 3987 morbi
1071 3912 1223 4008 augebat
