2986 5138
260 576 324 645 168
486 571 528 643 C.
552 573 787 645 Conuntrt
812 571 990 644 Tactrr

255 744 400 838 mulque
422 745 544 815 cuneta
566 741 726 839 prospere
739 744 827 831 alla,
846 745 936 814 caefis
951 737 1232 837 populatoribus,

256 864 290 930 a
308 861 508 934 dissensione
530 866 603 934 ortl
627 862 723 956 apud
747 862 954 947 obsidentes,
984 856 1139 955 regisque
1163 882 1233 952 op·

256 982 404 1073 portunl
432 981 624 1075 eruptione,
663 983 696 1050 ἃ
725 980 878 1050 adventu
907 976 1078 1073 legionis:
1113 998 1234 1070 neque

254 1096 364 1168 aciem
382 1118 439 1168 aut
457 1099 616 1193 proelium
631 1097 701 1169 dici
714 1097 880 1184 decuerit,
906 1096 941 1167 in
959 1119 1031 1190 quo
1046 1091 1233 1164 semermes

254 1240 295 1286 ac
309 1217 458 1310 palantes
471 1216 628 1289 trucidati
641 1215 729 1302 sunt,
759 1220 827 1287 sine
839 1213 955 1285 nostro
967 1211 1142 1309 sanguine.

305 1337 386 1406 XL.
405 1338 548 1406 Eonrnr
562 1360 653 1405 anno
666 1334 860 1405 Galliarum
873 1331 1040 1417 civitates,
1066 1332 1113 1402 ob
1127 1355 1232 1428 mag·

196 1491 203 1503 »
255 1451 448 1523 nitudinem
462 1453 658 1541 aerisalieni,
685 1452 908 1525 rebellionem
922 1453 1138 1545 coeptavere:
1166 1475 1232 1521 cu-

249 1566 307 1664 jus
336 1571 567 1642 exstimulatot
590 1571 774 1643 acerrimus
803 1570 891 1642 inter
918 1571 1088 1641 Treveros
1115 1567 1231 1661 Julius

256 1690 393 1776 Florus,
424 1690 518 1783 apud
546 1690 683 1762 AEduos
711 1688 823 1783 Julius
847 1687 1028 1761 Sacrovir:
1066 1685 1231 1758 nobilitas

255 1807 441 1895 ambobus,
466 1808 503 1878 ἃ
520 1807 691 1905 majorum
707 1810 799 1879 bona
816 1807 918 1895 sada,
942 1806 1054 1902 eoque
1064 1808 1231 1876 Romana

256 1925 376 1997 civitas
391 1925 474 1997 olim
491 1927 585 2015 data,
609 1928 691 1998 cirm
719 1926 753 1997 id
776 1950 905 2013 rarum,
935 1950 998 1997 nec
1022 1922 1082 1994 nist
1107 1921 1229 1994 virtuti

255 2044 404 2140 pretium
431 2047 522 2116 esset.
573 2045 601 2116 Ii
630 2043 765 2117 secretis
791 2043 997 2141 conloquiis,
1025 2039 1231 2114 ferocissuno

257 2189 399 2260 quoque
426 2163 624 2259 adsumpto,
651 2185 708 2235 aut
733 2163 858 2258 quibus
884 2165 932 2235 ob
957 2160 1156 2258 egestatem,
1190 2185 1232 2232 ac

258 2304 393 2353 metum
417 2307 461 2352 ex
489 2281 627 2377 flagitiis
644 2281 797 2352 maxima
820 2280 985 2377 peccandi
1008 2279 1229 2368 necessitudo,

257 2420 488 2496 componunt,
502 2401 623 2472 Florus
635 2402 770 2496 Belgas,
782 2399 937 2472 Sacrovir
954 2396 1130 2495 propiores
1148 2399 1216 2468 Gal
1230 2445 1233 2453 -

226 2566 230 2574 -
257 2519 310 2589 los
323 2517 470 2590 concire.
521 2517 632 2613 Igitur
650 2542 710 2613 per
726 2517 956 2590 conciliabula
969 2522 1002 2589 &
1016 2536 1126 2589 coetus
1143 2513 1229 2588 sedi·

256 2634 339 2708 tiosa
362 2635 580 2723 disserebant,
609 2642 635 2677 “
653 2638 698 2707 de
722 2637 979 2708 continuatione
1001 2635 1228 2724 tributorum,

258 2763 286 2798 “
306 2754 475 2853 gravitate
493 2753 629 2842 fenoris,
659 2754 785 2827 savitid
807 2783 846 2828 ac
871 2755 1026 2851 superbil
1049 2755 1230 2849 praesrden-

259 2882 286 2916 “
305 2875 390 2945 tium
408 2903 416 2944 ι
446 2879 478 2945 δι
496 2872 687 2946 discordare
705 2874 864 2961 militem,
893 2874 1011 2946 audito
1029 2873 1229 2946 Germanici

260 3001 288 3035 “
307 2994 439 3065 exitio:
470 2994 651 3088 egregium
676 2992 884 3064 resumenda
908 2992 1054 3065 libertati
1077 3013 1230 3088 tempus,

259 3119 286 3154 “
306 3115 327 3183 sr
342 3113 401 3206 ipsi
415 3115 587 3199 llorenteS,
603 3114 710 3207 quiam
723 3112 823 3207 inops
836 3110 947 3199 ltalia,
963 3114 1069 3208 quam
1083 3112 1231 3183 imbellis

261 3239 288 3273 ‘⁶
307 3234 452 3303 Urbano
483 3231 612 3325 plebes,
648 3231 733 3304 nihil
760 3231 915 3302 validum
945 3231 980 3302 in
1009 3230 1229 3319 exercitibus,

263 3358 290 3391 “
310 3351 367 3422 nist
388 3351 482 3445 quod
500 3370 696 3436 externum,
723 3348 950 3445 cogitarent.’²

310 3472 409 3542 XLI.
429 3472 554 3540 Haut>
572 3467 678 3539 ferme
690 3469 759 3539 ullo
772 3468 890 3540 civitas
904 3468 1028 3540 intasla
1045 3468 1231 3540 seminibus

261 3588 330 3684 ejus
348 3591 462 3659 motus
480 3586 568 3659 suit:
597 3588 652 3659 sed
676 3590 815 3681 erupere
842 3589 942 3682 primi
969 3588 1163 3676 Andecavi,
1194 3615 1234 3661 ac

260 3707 407 3778 Turonii
423 3736 430 3776 :
459 3733 608 3801 quorum
623 3707 831 3777 Andecavos
847 3707 977 3778 Acilius
991 3708 1121 3779 Aviola
1138 3709 1232 3804 lega-

261 3846 329 3912 tus,
349 3825 460 3896 excita
477 3827 631 3910 cohorte,
648 3851 726 3919 quae
748 3827 918 3922 Lugduni
941 3826 1134 3921 praesrdium
1160 3827 1234 3923 agi-

261 3946 368 4032 tabat,
395 3942 563 4015 coercuit:
591 3943 754 4033 Turonii,
778 3945 966 4042 legionario
979 3946 1101 4035 milite,
1125 3971 1232 4042 quem
