2986 5138
318 590 387 679 248
582 584 1105 659 C.Conuna11TAc1r1

317 786 390 833 non
425 761 576 857 degener
588 787 598 845 ;
629 758 923 854 &QHaterius
954 756 1084 831 familis
1110 753 1307 847 senatoris,

315 878 536 975 eloquentia,
570 879 686 974 quoad
715 877 814 966 vixit,
849 879 1045 950 celebratae:
1073 874 1306 950 monimenta

317 995 447 1094 ingenii
465 996 534 1094 ejus
550 997 644 1068 haud
662 996 801 1094 perinde
819 997 1017 1068 retinentur.
1066 993 1207 1068 Scilicet
1226 993 1303 1069 im·

318 1136 401 1212 petu
427 1115 550 1213 magis,
578 1116 684 1212 qnam
708 1117 788 1187 curd
810 1115 974 1211 vigebat:
1010 1132 1117 1210 utque
1141 1113 1302 1188 aliorum

318 1235 497 1307 meditatio
524 1240 556 1306 &
586 1236 682 1305 labor
708 1232 937 1328 inposterum
958 1231 1116 1317 valescit;
1143 1233 1186 1304 sc
1212 1235 1300 1307 Ha-

317 1354 391 1426 terii
417 1379 581 1426 canorum
610 1353 696 1425 illud
724 1355 757 1424 δι
782 1354 969 1449 profluens,
991 1376 1072 1424 cum
1094 1348 1166 1447 ipso
1188 1353 1300 1425 simul

318 1472 525 1545 exstinclum
543 1471 603 1544 est.

367 1593 484 1663 LXll.
510 1595 565 1664 M.
583 1595 769 1681 chrruo,
798 1593 844 1664 L.
866 1589 1056 1687 Calpurnio
1079 1586 1297 1681 consulibus,

318 1710 514 1806 ingentium
537 1711 708 1783 bellorum
731 1711 867 1782 cladem
895 1707 1047 1807 aequavit
1075 1709 1206 1781 malum
1224 1708 1297 1782 im-

320 1826 517 1924 provisum:
559 1827 631 1927 ejus
663 1828 803 1901 initium
843 1830 943 1901 simul
976 1832 1009 1901 &
1042 1827 1119 1900 finis
1149 1826 1296 1902 exstitit.

318 1950 416 2022 Nam
439 1971 558 2046 coepto
578 1951 671 2046 apud
697 1948 844 2022 Fidenas
871 1948 1135 2044 amphitheatro,
1162 1948 1299 2024 Atilius

319 2068 465 2166 quidam
482 2068 632 2142 libertini
648 2067 794 2165 generis,
817 2066 889 2163 qud
905 2063 1134 2163 spedaculum
1157 2067 1295 2164 gladia-

319 2208 437 2260 tomm
455 2190 654 2276 celebraret,
680 2211 793 2283 neque
815 2185 1042 2258 fundamenta
1065 2210 1125 2282 per
1139 2183 1295 2261 solidum

318 2305 483 2399 subdidit,
506 2332 617 2403 neque
629 2304 735 2378 firmis
750 2304 896 2378 nexibus
912 2304 1066 2402 ligneam
1083 2329 1296 2403 compagem

320 2424 561 2522 superstruxit:
588 2444 627 2497 ut
650 2424 710 2520 qui
727 2449 797 2495 non
814 2423 1022 2497 abundantia
1039 2425 1207 2520 pecuniae,
1227 2453 1296 2501 nec

319 2545 519 2641 municipali
542 2543 742 2633 ambitione,
767 2540 823 2615 sed
850 2543 884 2615 in
912 2542 1045 2617 sordidi
1065 2545 1226 2617 mercede
1253 2546 1293 2620 id

320 2664 500 2761 negotium
529 2662 740 2760 quaesivisset.
800 2664 992 2736 Adssuxere
1026 2663 1119 2737 avidi
1149 2665 1290 2757 talium,

320 2783 537 2878 imperitante
569 2782 711 2855 Tiberio
745 2784 866 2877 procul
899 2785 1133 2879 voluptatibus
1165 2786 1291 2876 habiti,

319 2903 416 2975 virile
441 2928 481 2974 ac
506 2902 673 2975 muliebre
690 2900 795 2991 secus,
819 2903 931 2974 omnis
956 2923 1049 2993 aetas,
1072 2907 1119 2976 ob
1145 2906 1291 3001 propin·

320 3024 489 3120 quitatem
522 3022 588 3093 loci
616 3022 769 3094 effusius:
798 3023 890 3094 unde
917 3022 1055 3118 gravior
1084 3023 1183 3120 pestis
1209 3021 1289 3116 suit,

320 3141 472 3215 consertd
489 3145 590 3224 mole,
608 3141 688 3213 dein
706 3143 882 3229 convulsfi,
910 3143 997 3213 dum
1015 3142 1080 3214 ruit
1098 3141 1203 3232 intus,
1230 3166 1290 3217 aut

320 3261 356 3335 in
379 3260 543 3333 exteriora
560 3260 769 3333 effunditur:
797 3259 1068 3357 immensamque
1092 3261 1165 3333 vim
1192 3289 1289 3336 mor·

319 3382 456 3469 talium,
486 3380 678 3477 speslaculo
696 3380 857 3467 intentos,
879 3401 936 3451 aut
955 3379 1014 3477 qui
1033 3380 1162 3453 circum
1179 3382 1291 3456 adlla-

320 3503 417 3588 bant,
446 3527 595 3596 praeceps
614 3500 731 3587 trahit,
760 3521 865 3595 atque
890 3501 1010 3596 operit.
1072 3503 1117 3572 Et
1139 3500 1188 3571 illi
1210 3503 1289 3597 qui·

320 3621 404 3692 dem
432 3646 518 3715 quos
544 3619 751 3715 principium
776 3619 894 3716 stragis
924 3620 959 3691 in
988 3641 1137 3693 mortem
1163 3621 1289 3694 adflix-

321 3759 407 3826 erat,
430 3758 467 3809 ut
485 3738 542 3808 tali
560 3737 659 3826 sorte,
679 3738 869 3811 cruciatum
887 3740 1049 3835 effugdre.
1099 3740 1290 3816 Miserandi

322 3858 445 3954 magis,
489 3883 589 3953 quos,
631 3859 775 3954 abrupta
804 3878 896 3954 parte
923 3858 1091 3953 corporis,
1130 3861 1289 3935 nondum

321 3976 392 4057 vita
419 3973 623 4061 deseruerat3
651 3976 710 4074 qui
739 4001 800 4073 per
825 3977 920 4053 diem
946 3978 1033 4068 visu,
1059 4003 1121 4079 per
1147 3981 1289 4060 nostem
