<?xml version="1.0" encoding="UTF-8"?>
<!DOCTYPE html PUBLIC "-//W3C//DTD XHTML 1.0 Transitional//EN"
    "http://www.w3.org/TR/xhtml1/DTD/xhtml1-transitional.dtd">
<html xmlns="http://www.w3.org/1999/xhtml" xml:lang="en" lang="en">
 <head>
  <title>
</title>
<meta http-equiv="Content-Type" content="text/html;charset=utf-8" />
  <meta name='ocr-system' content='tesseract 3.04.00' />
  <meta name='ocr-capabilities' content='ocr_page ocr_carea ocr_par ocr_line ocrx_word'/>
</head>
<body>
  <div class='ocr_page' id='page_1' title='image "./ccorneliitaciti03ernegoog_0164.png"; bbox 0 0 2986 5138; ppageno 0'>
   <div class='ocr_carea' id='block_1_1' title="bbox 419 548 1167 650">
    <p class='ocr_par' dir='ltr' id='par_1_1' title="bbox 419 548 1167 650">
     <span class='ocr_line' id='line_1_1' title="bbox 419 548 1167 650; baseline 0.005 -29"><span class='ocrx_word' id='word_1_1' title='bbox 419 548 935 621; x_wconf 75' lang='lat' dir='ltr'>Anunnruanrn.ll.</span> <span class='ocrx_word' id='word_1_2' title='bbox 1103 574 1167 650; x_wconf 87' lang='lat'>107</span> 
     </span>
    </p>
   </div>
   <div class='ocr_carea' id='block_1_2' title="bbox 200 719 1169 936">
    <p class='ocr_par' dir='ltr' id='par_1_2' title="bbox 200 719 1169 936">
     <span class='ocr_line' id='line_1_2' title="bbox 200 719 1169 818; baseline -0.003 -21"><span class='ocrx_word' id='word_1_3' title='bbox 200 721 283 796; x_wconf 89' lang='lat' dir='ltr'>“in</span> <span class='ocrx_word' id='word_1_4' title='bbox 301 721 471 796; x_wconf 90' lang='lat' dir='ltr'>cumdum</span> <span class='ocrx_word' id='word_1_5' title='bbox 493 722 626 793; x_wconf 88' lang='lat' dir='ltr'>hostem</span> <span class='ocrx_word' id='word_1_6' title='bbox 650 724 830 794; x_wconf 85' lang='lat' dir='ltr'>Romanos</span> <span class='ocrx_word' id='word_1_7' title='bbox 852 723 946 792; x_wconf 70' lang='lat' dir='ltr'>nulla</span> <span class='ocrx_word' id='word_1_8' title='bbox 973 745 1040 816; x_wconf 92' lang='lat' dir='ltr'>ope</span> <span class='ocrx_word' id='word_1_9' title='bbox 1061 719 1169 818; x_wconf 89' lang='lat' dir='ltr'>juvis·</span> 
     </span>
     <span class='ocr_line' id='line_1_3' title="bbox 200 838 1168 936; baseline -0.002 -21"><span class='ocrx_word' id='word_1_10' title='bbox 200 851 229 888; x_wconf 89' lang='lat'><strong><em>“</em></strong></span> <span class='ocrx_word' id='word_1_11' title='bbox 246 840 331 916; x_wconf 89' lang='lat' dir='ltr'>set.&#39;&#39;</span> <span class='ocrx_word' id='word_1_12' title='bbox 381 842 505 915; x_wconf 84' lang='lat' dir='ltr'>Miffus</span> <span class='ocrx_word' id='word_1_13' title='bbox 526 861 643 913; x_wconf 90' lang='lat' dir='ltr'>tamen</span> <span class='ocrx_word' id='word_1_14' title='bbox 660 838 803 930; x_wconf 83' lang='lat' dir='ltr'>Drusus,</span> <span class='ocrx_word' id='word_1_15' title='bbox 829 862 868 913; x_wconf 91' lang='lat' dir='ltr'>ut</span> <span class='ocrx_word' id='word_1_16' title='bbox 886 839 1078 928; x_wconf 84' lang='lat' dir='ltr'>retulimus,</span> <span class='ocrx_word' id='word_1_17' title='bbox 1106 868 1168 936; x_wconf 91' lang='lat' dir='ltr'>pa-</span> 
     </span>
    </p>
   </div>
   <div class='ocr_carea' id='block_1_3' title="bbox 198 964 1169 1157">
    <p class='ocr_par' dir='ltr' id='par_1_3' title="bbox 198 964 1169 1157">
     <span class='ocr_line' id='line_1_4' title="bbox 199 964 427 1038; baseline -0.018 0"><span class='ocrx_word' id='word_1_18' title='bbox 199 964 248 1038; x_wconf 88' lang='lat' dir='ltr'>cis</span> <span class='ocrx_word' id='word_1_19' title='bbox 264 965 427 1035; x_wconf 86' lang='lat' dir='ltr'>firmator.</span> 
     </span>
     <span class='ocr_line' id='line_1_5' title="bbox 198 1079 1169 1157; baseline -0.001 -2"><span class='ocrx_word' id='word_1_20' title='bbox 198 1144 204 1155; x_wconf 74' lang='grc'>,</span> <span class='ocrx_word' id='word_1_21' title='bbox 246 1084 397 1157; x_wconf 87' lang='lat' dir='ltr'><strong>XLVII.</strong></span> <span class='ocrx_word' id='word_1_22' title='bbox 422 1085 566 1155; x_wconf 77' lang='lat' dir='ltr'>Eonnnt</span> <span class='ocrx_word' id='word_1_23' title='bbox 588 1106 680 1154; x_wconf 84' lang='lat' dir='ltr'>anno</span> <span class='ocrx_word' id='word_1_24' title='bbox 701 1079 888 1153; x_wconf 86' lang='lat' dir='ltr'>duodecim</span> <span class='ocrx_word' id='word_1_25' title='bbox 910 1079 1057 1152; x_wconf 85' lang='lat' dir='ltr'>celebres</span> <span class='ocrx_word' id='word_1_26' title='bbox 1079 1084 1169 1154; x_wconf 81' lang='lat' dir='ltr'>Asrae</span> 
     </span>
    </p>
   </div>
   <div class='ocr_carea' id='block_1_4' title="bbox 154 1198 1167 1658">
    <p class='ocr_par' dir='ltr' id='par_1_4' title="bbox 154 1198 1167 1658">
     <span class='ocr_line' id='line_1_6' title="bbox 195 1198 1166 1298; baseline -0.004 -22"><span class='ocrx_word' id='word_1_27' title='bbox 195 1203 301 1278; x_wconf 85' lang='lat' dir='ltr'>urbes</span> <span class='ocrx_word' id='word_1_28' title='bbox 323 1202 493 1298; x_wconf 76' lang='lat' dir='ltr'>conlapsae</span> <span class='ocrx_word' id='word_1_29' title='bbox 523 1203 692 1273; x_wconf 72' lang='lat' dir='ltr'>nocturno</span> <span class='ocrx_word' id='word_1_30' title='bbox 718 1220 818 1273; x_wconf 91' lang='lat' dir='ltr'>motu</span> <span class='ocrx_word' id='word_1_31' title='bbox 848 1218 970 1281; x_wconf 84' lang='lat' dir='ltr'>terrae;</span> <span class='ocrx_word' id='word_1_32' title='bbox 1005 1198 1077 1295; x_wconf 82' lang='lat' dir='ltr'>qub</span> <span class='ocrx_word' id='word_1_33' title='bbox 1100 1199 1166 1273; x_wconf 85' lang='lat' dir='ltr'>im-</span> 
     </span>
     <span class='ocr_line' id='line_1_7' title="bbox 197 1315 1167 1419; baseline -0.003 -24"><span class='ocrx_word' id='word_1_34' title='bbox 197 1321 363 1419; x_wconf 83' lang='lat' dir='ltr'>provifior</span> <span class='ocrx_word' id='word_1_35' title='bbox 383 1320 586 1418; x_wconf 85' lang='lat' dir='ltr'>graviorque</span> <span class='ocrx_word' id='word_1_36' title='bbox 607 1317 710 1414; x_wconf 88' lang='lat' dir='ltr'>pestis</span> <span class='ocrx_word' id='word_1_37' title='bbox 733 1317 820 1390; x_wconf 90' lang='lat' dir='ltr'>fuit:</span> <span class='ocrx_word' id='word_1_38' title='bbox 845 1343 958 1414; x_wconf 90' lang='lat' dir='ltr'>neque</span> <span class='ocrx_word' id='word_1_39' title='bbox 975 1315 1113 1391; x_wconf 90' lang='lat' dir='ltr'>solitum</span> <span class='ocrx_word' id='word_1_40' title='bbox 1130 1320 1167 1392; x_wconf 93' lang='lat' dir='ltr'>in</span> 
     </span>
     <span class='ocr_line' id='line_1_8' title="bbox 154 1437 1164 1536; baseline -0.002 -23"><span class='ocrx_word' id='word_1_41' title='bbox 154 1512 159 1520; x_wconf 85' lang='grc'>,</span> <span class='ocrx_word' id='word_1_42' title='bbox 196 1440 259 1513; x_wconf 87' lang='lat' dir='ltr'>tali</span> <span class='ocrx_word' id='word_1_43' title='bbox 276 1438 353 1514; x_wconf 88' lang='lat' dir='ltr'>casu</span> <span class='ocrx_word' id='word_1_44' title='bbox 370 1439 541 1536; x_wconf 85' lang='lat' dir='ltr'>effugium</span> <span class='ocrx_word' id='word_1_45' title='bbox 563 1437 785 1511; x_wconf 84' lang='lat' dir='ltr'>subveniebat</span> <span class='ocrx_word' id='word_1_46' title='bbox 806 1437 842 1509; x_wconf 92' lang='lat' dir='ltr'>in</span> <span class='ocrx_word' id='word_1_47' title='bbox 860 1458 977 1533; x_wconf 87' lang='lat' dir='ltr'>aperta</span> <span class='ocrx_word' id='word_1_48' title='bbox 1005 1462 1164 1532; x_wconf 90' lang='lat' dir='ltr'>prorum·</span> 
     </span>
     <span class='ocr_line' id='line_1_9' title="bbox 198 1557 1163 1658; baseline -0.001 -26"><span class='ocrx_word' id='word_1_49' title='bbox 198 1560 318 1657; x_wconf 90' lang='lat' dir='ltr'>pendi,</span> <span class='ocrx_word' id='word_1_50' title='bbox 343 1560 425 1658; x_wconf 88' lang='lat' dir='ltr'>quia</span> <span class='ocrx_word' id='word_1_51' title='bbox 458 1557 608 1632; x_wconf 71' lang='lat' dir='ltr'>didudis</span> <span class='ocrx_word' id='word_1_52' title='bbox 635 1557 731 1630; x_wconf 89' lang='lat' dir='ltr'>terris</span> <span class='ocrx_word' id='word_1_53' title='bbox 761 1558 1010 1631; x_wconf 80' lang='lat' dir='ltr'>hauriebantur.</span> <span class='ocrx_word' id='word_1_54' title='bbox 1062 1567 1088 1600; x_wconf 90' lang='lat'>“</span> <span class='ocrx_word' id='word_1_55' title='bbox 1106 1561 1163 1631; x_wconf 87' lang='lat' dir='ltr'>Se-</span> 
     </span>
    </p>
   </div>
   <div class='ocr_carea' id='block_1_5' title="bbox 193 1674 1165 2252">
    <p class='ocr_par' dir='ltr' id='par_1_5' title="bbox 193 1674 1165 2252">
     <span class='ocr_line' id='line_1_10' title="bbox 199 1674 1165 1775; baseline 0.001 -25"><span class='ocrx_word' id='word_1_56' title='bbox 199 1686 229 1722; x_wconf 87' lang='lat'><strong>“</strong></span> <span class='ocrx_word' id='word_1_57' title='bbox 245 1677 330 1751; x_wconf 84' lang='lat' dir='ltr'>diffe</span> <span class='ocrx_word' id='word_1_58' title='bbox 344 1676 528 1750; x_wconf 88' lang='lat' dir='ltr'>immensos</span> <span class='ocrx_word' id='word_1_59' title='bbox 541 1697 688 1766; x_wconf 86' lang='lat' dir='ltr'>montes,</span> <span class='ocrx_word' id='word_1_60' title='bbox 711 1674 780 1748; x_wconf 86' lang='lat' dir='ltr'>visa</span> <span class='ocrx_word' id='word_1_61' title='bbox 803 1676 839 1748; x_wconf 90' lang='lat' dir='ltr'>in</span> <span class='ocrx_word' id='word_1_62' title='bbox 859 1677 968 1749; x_wconf 91' lang='lat' dir='ltr'>arduo</span> <span class='ocrx_word' id='word_1_63' title='bbox 991 1705 1068 1775; x_wconf 89' lang='lat' dir='ltr'>quae</span> <span class='ocrx_word' id='word_1_64' title='bbox 1091 1681 1165 1775; x_wconf 87' lang='lat' dir='ltr'>pla-</span> 
     </span>
     <span class='ocr_line' id='line_1_11' title="bbox 199 1795 1164 1892; baseline -0.001 -21"><span class='ocrx_word' id='word_1_65' title='bbox 199 1804 229 1842; x_wconf 89' lang='lat'><strong><em>“</em></strong></span> <span class='ocrx_word' id='word_1_66' title='bbox 245 1824 291 1871; x_wconf 83' lang='lat' dir='ltr'>na</span> <span class='ocrx_word' id='word_1_67' title='bbox 310 1796 448 1884; x_wconf 80' lang='lat' dir='ltr'>luerint,</span> <span class='ocrx_word' id='word_1_68' title='bbox 472 1797 627 1870; x_wconf 85' lang='lat' dir='ltr'>effulsrffe</span> <span class='ocrx_word' id='word_1_69' title='bbox 657 1796 744 1867; x_wconf 92' lang='lat' dir='ltr'>inter</span> <span class='ocrx_word' id='word_1_70' title='bbox 771 1795 906 1867; x_wconf 85' lang='lat' dir='ltr'>ruinam</span> <span class='ocrx_word' id='word_1_71' title='bbox 938 1796 1061 1892; x_wconf 85' lang='lat' dir='ltr'>ignes’&#39;</span> <span class='ocrx_word' id='word_1_72' title='bbox 1090 1824 1164 1870; x_wconf 91' lang='lat' dir='ltr'>me-</span> 
     </span>
     <span class='ocr_line' id='line_1_12' title="bbox 196 1914 1164 2012; baseline -0.001 -21"><span class='ocrx_word' id='word_1_73' title='bbox 196 1936 343 1991; x_wconf 84' lang='lat' dir='ltr'>morant.</span> <span class='ocrx_word' id='word_1_74' title='bbox 393 1914 591 2012; x_wconf 87' lang='lat' dir='ltr'>Asperrima</span> <span class='ocrx_word' id='word_1_75' title='bbox 614 1915 649 1987; x_wconf 93' lang='lat' dir='ltr'>in</span> <span class='ocrx_word' id='word_1_76' title='bbox 677 1914 855 1987; x_wconf 85' lang='lat' dir='ltr'>Sardianos</span> <span class='ocrx_word' id='word_1_77' title='bbox 881 1916 953 1987; x_wconf 91' lang='lat' dir='ltr'>lues</span> <span class='ocrx_word' id='word_1_78' title='bbox 977 1917 1164 2011; x_wconf 91' lang='lat' dir='ltr'>plurimum</span> 
     </span>
     <span class='ocr_line' id='line_1_13' title="bbox 195 2033 1163 2111; baseline 0 -3"><span class='ocrx_word' id='word_1_79' title='bbox 195 2037 233 2108; x_wconf 93' lang='lat' dir='ltr'>in</span> <span class='ocrx_word' id='word_1_80' title='bbox 257 2035 394 2111; x_wconf 90' lang='lat' dir='ltr'>eosdem</span> <span class='ocrx_word' id='word_1_81' title='bbox 418 2035 653 2108; x_wconf 71' lang='lat' dir='ltr'>misericordiae</span> <span class='ocrx_word' id='word_1_82' title='bbox 677 2033 804 2107; x_wconf 87' lang='lat' dir='ltr'>traxit:</span> <span class='ocrx_word' id='word_1_83' title='bbox 843 2060 925 2107; x_wconf 90' lang='lat' dir='ltr'>nam</span> <span class='ocrx_word' id='word_1_84' title='bbox 951 2034 1077 2107; x_wconf 88' lang='lat' dir='ltr'>centies</span> <span class='ocrx_word' id='word_1_85' title='bbox 1100 2035 1163 2108; x_wconf 87' lang='lat' dir='ltr'>ses·</span> 
     </span>
     <span class='ocr_line' id='line_1_14' title="bbox 193 2153 1162 2252; baseline 0.002 -25"><span class='ocrx_word' id='word_1_86' title='bbox 193 2154 333 2229; x_wconf 73' lang='lat' dir='ltr'>tertium</span> <span class='ocrx_word' id='word_1_87' title='bbox 356 2154 530 2252; x_wconf 92' lang='lat' dir='ltr'>pollicitus</span> <span class='ocrx_word' id='word_1_88' title='bbox 551 2153 673 2243; x_wconf 82' lang='lat' dir='ltr'>Caesar,</span> <span class='ocrx_word' id='word_1_89' title='bbox 698 2160 731 2227; x_wconf 76' lang='grc' dir='ltr'>δι</span> <span class='ocrx_word' id='word_1_90' title='bbox 755 2173 924 2251; x_wconf 91' lang='lat' dir='ltr'>quantum</span> <span class='ocrx_word' id='word_1_91' title='bbox 948 2153 1080 2243; x_wconf 83' lang='lat' dir='ltr'>aerario,</span> <span class='ocrx_word' id='word_1_92' title='bbox 1104 2176 1162 2229; x_wconf 89' lang='lat' dir='ltr'>aut</span> 
     </span>
    </p>
   </div>
   <div class='ocr_carea' id='block_1_6' title="bbox 184 2273 1189 4049">
    <p class='ocr_par' dir='ltr' id='par_1_6' title="bbox 186 2273 1161 3445">
     <span class='ocr_line' id='line_1_15' title="bbox 193 2273 1161 2372; baseline -0.002 -24"><span class='ocrx_word' id='word_1_93' title='bbox 193 2273 276 2349; x_wconf 85' lang='lat' dir='ltr'>fisco</span> <span class='ocrx_word' id='word_1_94' title='bbox 289 2275 500 2371; x_wconf 89' lang='lat' dir='ltr'>pendebant,</span> <span class='ocrx_word' id='word_1_95' title='bbox 523 2273 558 2346; x_wconf 93' lang='lat' dir='ltr'>in</span> <span class='ocrx_word' id='word_1_96' title='bbox 573 2274 850 2372; x_wconf 88' lang='lat' dir='ltr'>quinquennium</span> <span class='ocrx_word' id='word_1_97' title='bbox 867 2274 1003 2347; x_wconf 87' lang='lat' dir='ltr'>remisrt.</span> <span class='ocrx_word' id='word_1_98' title='bbox 1052 2278 1161 2372; x_wconf 89' lang='lat' dir='ltr'>Mag-</span> 
     </span>
     <span class='ocr_line' id='line_1_16' title="bbox 192 2393 1160 2491; baseline 0.001 -25"><span class='ocrx_word' id='word_1_99' title='bbox 192 2416 320 2468; x_wconf 85' lang='lat' dir='ltr'>netesa</span> <span class='ocrx_word' id='word_1_100' title='bbox 335 2393 467 2491; x_wconf 87' lang='lat' dir='ltr'>Sipylo,</span> <span class='ocrx_word' id='word_1_101' title='bbox 493 2393 644 2490; x_wconf 87' lang='lat' dir='ltr'>proximi</span> <span class='ocrx_word' id='word_1_102' title='bbox 656 2395 787 2466; x_wconf 87' lang='lat' dir='ltr'>damno</span> <span class='ocrx_word' id='word_1_103' title='bbox 804 2420 845 2467; x_wconf 88' lang='lat' dir='ltr'>ac</span> <span class='ocrx_word' id='word_1_104' title='bbox 862 2394 1015 2468; x_wconf 89' lang='lat' dir='ltr'>remedio</span> <span class='ocrx_word' id='word_1_105' title='bbox 1042 2393 1160 2467; x_wconf 87' lang='lat' dir='ltr'>habiti.</span> 
     </span>
     <span class='ocr_line' id='line_1_17' title="bbox 192 2513 1160 2613; baseline 0 -26"><span class='ocrx_word' id='word_1_106' title='bbox 192 2513 376 2602; x_wconf 86' lang='lat' dir='ltr'>Temnios,</span> <span class='ocrx_word' id='word_1_107' title='bbox 402 2513 704 2608; x_wconf 87' lang='lat' dir='ltr'>Philadelphenos,</span> <span class='ocrx_word' id='word_1_108' title='bbox 732 2515 911 2613; x_wconf 85' lang='lat' dir='ltr'>AEgeatas,</span> <span class='ocrx_word' id='word_1_109' title='bbox 937 2513 1160 2611; x_wconf 84' lang='lat' dir='ltr'>Apollonidi-</span> 
     </span>
     <span class='ocr_line' id='line_1_18' title="bbox 190 2629 1158 2730; baseline 0.002 -25"><span class='ocrx_word' id='word_1_110' title='bbox 190 2629 299 2722; x_wconf 87' lang='lat' dir='ltr'>enses,</span> <span class='ocrx_word' id='word_1_111' title='bbox 323 2630 456 2729; x_wconf 89' lang='lat' dir='ltr'>quique</span> <span class='ocrx_word' id='word_1_112' title='bbox 473 2631 639 2721; x_wconf 90' lang='lat' dir='ltr'>Mosteni,</span> <span class='ocrx_word' id='word_1_113' title='bbox 653 2652 756 2730; x_wconf 88' lang='lat' dir='ltr'>atque</span> <span class='ocrx_word' id='word_1_114' title='bbox 774 2636 986 2708; x_wconf 87' lang='lat' dir='ltr'>Macedones</span> <span class='ocrx_word' id='word_1_115' title='bbox 997 2634 1158 2729; x_wconf 88' lang='lat' dir='ltr'>Hyrcani</span> 
     </span>
     <span class='ocr_line' id='line_1_19' title="bbox 191 2750 1153 2850; baseline 0.003 -27"><span class='ocrx_word' id='word_1_116' title='bbox 191 2771 375 2840; x_wconf 86' lang='lat' dir='ltr'>vocantur,</span> <span class='ocrx_word' id='word_1_117' title='bbox 397 2755 429 2823; x_wconf 75' lang='grc' dir='ltr'>δι</span> <span class='ocrx_word' id='word_1_118' title='bbox 460 2750 767 2843; x_wconf 85' lang='lat' dir='ltr'>Hierocaesaream,</span> <span class='ocrx_word' id='word_1_119' title='bbox 792 2754 985 2849; x_wconf 80' lang='lat' dir='ltr'>Myrinam,</span> <span class='ocrx_word' id='word_1_120' title='bbox 1002 2756 1153 2850; x_wconf 90' lang='lat' dir='ltr'>Cymen,</span> 
     </span>
     <span class='ocr_line' id='line_1_20' title="bbox 191 2870 1158 2970; baseline 0.004 -28"><span class='ocrx_word' id='word_1_121' title='bbox 191 2871 359 2944; x_wconf 92' lang='lat' dir='ltr'>Tmolum</span> <span class='ocrx_word' id='word_1_122' title='bbox 371 2870 476 2942; x_wconf 87' lang='lat' dir='ltr'>levari</span> <span class='ocrx_word' id='word_1_123' title='bbox 489 2870 582 2944; x_wconf 92' lang='lat' dir='ltr'>idem</span> <span class='ocrx_word' id='word_1_124' title='bbox 592 2871 628 2943; x_wconf 94' lang='lat' dir='ltr'>in</span> <span class='ocrx_word' id='word_1_125' title='bbox 639 2891 774 2969; x_wconf 89' lang='lat' dir='ltr'>tempus</span> <span class='ocrx_word' id='word_1_126' title='bbox 786 2873 934 2962; x_wconf 90' lang='lat' dir='ltr'>tributis,</span> <span class='ocrx_word' id='word_1_127' title='bbox 943 2872 1103 2970; x_wconf 91' lang='lat' dir='ltr'>mittique</span> <span class='ocrx_word' id='word_1_128' title='bbox 1113 2900 1158 2946; x_wconf 84' lang='lat' dir='ltr'>cx</span> 
     </span>
     <span class='ocr_line' id='line_1_21' title="bbox 187 2988 1158 3089; baseline 0.004 -27"><span class='ocrx_word' id='word_1_129' title='bbox 187 2988 306 3069; x_wconf 79' lang='lat' dir='ltr'>senatu</span> <span class='ocrx_word' id='word_1_130' title='bbox 328 2990 470 3085; x_wconf 82' lang='lat' dir='ltr'>placuit,</span> <span class='ocrx_word' id='word_1_131' title='bbox 495 2990 556 3087; x_wconf 92' lang='lat' dir='ltr'>qui</span> <span class='ocrx_word' id='word_1_132' title='bbox 578 2990 756 3086; x_wconf 78' lang='lat' dir='ltr'>prasentia</span> <span class='ocrx_word' id='word_1_133' title='bbox 775 2991 951 3089; x_wconf 71' lang='lat' dir='ltr'>spectaret,</span> <span class='ocrx_word' id='word_1_134' title='bbox 976 2992 1158 3066; x_wconf 86' lang='lat' dir='ltr'>refoveret·</span> 
     </span>
     <span class='ocr_line' id='line_1_22' title="bbox 189 3110 1156 3207; baseline 0.006 -27"><span class='ocrx_word' id='word_1_135' title='bbox 189 3134 271 3205; x_wconf 83' lang='lat' dir='ltr'>que.</span> <span class='ocrx_word' id='word_1_136' title='bbox 320 3110 483 3182; x_wconf 73' lang='lat' dir='ltr'>Deledus</span> <span class='ocrx_word' id='word_1_137' title='bbox 496 3110 543 3183; x_wconf 89' lang='lat' dir='ltr'>est</span> <span class='ocrx_word' id='word_1_138' title='bbox 560 3113 617 3183; x_wconf 90' lang='lat' dir='ltr'>M.</span> <span class='ocrx_word' id='word_1_139' title='bbox 635 3113 756 3184; x_wconf 89' lang='lat' dir='ltr'>Aletus</span> <span class='ocrx_word' id='word_1_140' title='bbox 773 3137 792 3185; x_wconf 90' lang='lat' dir='ltr'>e</span> <span class='ocrx_word' id='word_1_141' title='bbox 809 3110 987 3207; x_wconf 85' lang='lat' dir='ltr'>praetoriis,</span> <span class='ocrx_word' id='word_1_142' title='bbox 1012 3139 1056 3185; x_wconf 92' lang='lat' dir='ltr'>ne</span> <span class='ocrx_word' id='word_1_143' title='bbox 1072 3139 1156 3186; x_wconf 92' lang='lat' dir='ltr'>con-</span> 
     </span>
     <span class='ocr_line' id='line_1_23' title="bbox 186 3228 1156 3327; baseline 0.004 -25"><span class='ocrx_word' id='word_1_144' title='bbox 186 3228 287 3303; x_wconf 85' lang='lat' dir='ltr'>sulari</span> <span class='ocrx_word' id='word_1_145' title='bbox 300 3229 479 3303; x_wconf 85' lang='lat' dir='ltr'>obtinente</span> <span class='ocrx_word' id='word_1_146' title='bbox 497 3234 613 3304; x_wconf 80' lang='lat' dir='ltr'>Afiam</span> <span class='ocrx_word' id='word_1_147' title='bbox 631 3230 805 3305; x_wconf 81' lang='lat' dir='ltr'>aemulatio</span> <span class='ocrx_word' id='word_1_148' title='bbox 822 3231 909 3302; x_wconf 91' lang='lat' dir='ltr'>inter</span> <span class='ocrx_word' id='word_1_149' title='bbox 926 3256 1035 3327; x_wconf 88' lang='lat' dir='ltr'>pares,</span> <span class='ocrx_word' id='word_1_150' title='bbox 1065 3235 1098 3303; x_wconf 75' lang='grc' dir='ltr'>δι</span> <span class='ocrx_word' id='word_1_151' title='bbox 1111 3257 1156 3307; x_wconf 79' lang='lat' dir='ltr'>ex</span> 
     </span>
     <span class='ocr_line' id='line_1_24' title="bbox 188 3349 698 3445; baseline 0 -23"><span class='ocrx_word' id='word_1_152' title='bbox 188 3349 530 3445; x_wconf 87' lang='lat' dir='ltr'>coimpedimentum</span> <span class='ocrx_word' id='word_1_153' title='bbox 542 3349 698 3424; x_wconf 88' lang='lat' dir='ltr'>oriretur.</span> 
     </span>
    </p>

    <p class='ocr_par' dir='ltr' id='par_1_7' title="bbox 184 3467 1189 4049">
     <span class='ocr_line' id='line_1_25' title="bbox 237 3467 1153 3567; baseline -0.002 -26"><span class='ocrx_word' id='word_1_154' title='bbox 237 3470 404 3542; x_wconf 89' lang='lat' dir='ltr'><strong>XLVIII.</strong></span> <span class='ocrx_word' id='word_1_155' title='bbox 428 3472 706 3543; x_wconf 80' lang='lat' dir='ltr'>Mnourrrcnnr</span> <span class='ocrx_word' id='word_1_156' title='bbox 737 3469 773 3543; x_wconf 94' lang='lat' dir='ltr'>in</span> <span class='ocrx_word' id='word_1_157' title='bbox 797 3468 976 3567; x_wconf 92' lang='lat' dir='ltr'>publicum</span> <span class='ocrx_word' id='word_1_158' title='bbox 1001 3467 1153 3566; x_wconf 86' lang='lat' dir='ltr'>largitio-</span> 
     </span>
     <span class='ocr_line' id='line_1_26' title="bbox 187 3570 1189 3687; baseline 0.003 -27"><span class='ocrx_word' id='word_1_159' title='bbox 187 3613 268 3660; x_wconf 90' lang='lat' dir='ltr'>nem</span> <span class='ocrx_word' id='word_1_160' title='bbox 293 3587 389 3661; x_wconf 84' lang='lat' dir='ltr'>auxit</span> <span class='ocrx_word' id='word_1_161' title='bbox 409 3586 520 3661; x_wconf 80' lang='lat' dir='ltr'>Caesar</span> <span class='ocrx_word' id='word_1_162' title='bbox 546 3591 639 3662; x_wconf 90' lang='lat' dir='ltr'>haud</span> <span class='ocrx_word' id='word_1_163' title='bbox 669 3589 783 3664; x_wconf 82' lang='lat' dir='ltr'>minlts</span> <span class='ocrx_word' id='word_1_164' title='bbox 811 3591 906 3687; x_wconf 70' lang='lat' dir='ltr'>gratd</span> <span class='ocrx_word' id='word_1_165' title='bbox 937 3588 1152 3680; x_wconf 89' lang='lat' dir='ltr'>liberalitate,</span> <span class='ocrx_word' id='word_1_166' title='bbox 1187 3570 1189 3575; x_wconf 21' lang='lat' dir='ltr'>i</span> 
     </span>
     <span class='ocr_line' id='line_1_27' title="bbox 187 3707 1153 3805; baseline 0 -25"><span class='ocrx_word' id='word_1_167' title='bbox 187 3708 283 3804; x_wconf 79' lang='lat' dir='ltr'>qubd</span> <span class='ocrx_word' id='word_1_168' title='bbox 306 3710 397 3780; x_wconf 86' lang='lat' dir='ltr'>bona</span> <span class='ocrx_word' id='word_1_169' title='bbox 419 3707 571 3781; x_wconf 85' lang='lat' dir='ltr'>AEmiliae</span> <span class='ocrx_word' id='word_1_170' title='bbox 590 3708 701 3783; x_wconf 86' lang='lat' dir='ltr'>Musae</span> <span class='ocrx_word' id='word_1_171' title='bbox 722 3709 903 3805; x_wconf 89' lang='lat' dir='ltr'>locupletis</span> <span class='ocrx_word' id='word_1_172' title='bbox 920 3707 1081 3781; x_wconf 86' lang='lat' dir='ltr'>intestatae</span> <span class='ocrx_word' id='word_1_173' title='bbox 1094 3733 1153 3803; x_wconf 90' lang='lat' dir='ltr'>pe-</span> 
     </span>
     <span class='ocr_line' id='line_1_28' title="bbox 185 3826 1151 3925; baseline 0 -27"><span class='ocrx_word' id='word_1_174' title='bbox 185 3827 248 3898; x_wconf 88' lang='lat' dir='ltr'>tita</span> <span class='ocrx_word' id='word_1_175' title='bbox 268 3827 305 3898; x_wconf 92' lang='lat' dir='ltr'>in</span> <span class='ocrx_word' id='word_1_176' title='bbox 322 3826 456 3923; x_wconf 86' lang='lat' dir='ltr'>fiscum,</span> <span class='ocrx_word' id='word_1_177' title='bbox 479 3827 626 3902; x_wconf 89' lang='lat' dir='ltr'>AEmilio</span> <span class='ocrx_word' id='word_1_178' title='bbox 642 3829 795 3925; x_wconf 78' lang='lat' dir='ltr'>Lepido,</span> <span class='ocrx_word' id='word_1_179' title='bbox 818 3826 914 3925; x_wconf 87' lang='lat' dir='ltr'>cujus</span> <span class='ocrx_word' id='word_1_180' title='bbox 935 3855 954 3902; x_wconf 90' lang='lat' dir='ltr'>e</span> <span class='ocrx_word' id='word_1_181' title='bbox 978 3828 1087 3899; x_wconf 91' lang='lat' dir='ltr'>domo</span> <span class='ocrx_word' id='word_1_182' title='bbox 1099 3827 1151 3898; x_wconf 80' lang='lat' dir='ltr'>vi-</span> 
     </span>
     <span class='ocr_line' id='line_1_29' title="bbox 184 3946 1152 4049; baseline -0.006 -28"><span class='ocrx_word' id='word_1_183' title='bbox 184 3947 330 4023; x_wconf 87' lang='lat' dir='ltr'>debatur</span> <span class='ocrx_word' id='word_1_184' title='bbox 337 3977 348 4034; x_wconf 92' lang='lat'>;</span> <span class='ocrx_word' id='word_1_185' title='bbox 373 3946 410 4021; x_wconf 92' lang='lat'>&amp;</span> <span class='ocrx_word' id='word_1_186' title='bbox 436 3947 568 4028; x_wconf 88' lang='lat' dir='ltr'>Patulei</span> <span class='ocrx_word' id='word_1_187' title='bbox 591 3947 708 4023; x_wconf 88' lang='lat' dir='ltr'>divitis</span> <span class='ocrx_word' id='word_1_188' title='bbox 731 3947 855 4049; x_wconf 89' lang='lat' dir='ltr'>equitis</span> <span class='ocrx_word' id='word_1_189' title='bbox 880 3946 1033 4027; x_wconf 85' lang='lat' dir='ltr'>Romani</span> <span class='ocrx_word' id='word_1_190' title='bbox 1054 3948 1152 4023; x_wconf 64' lang='lat' dir='ltr'>berc,</span> 
     </span>
    </p>
   </div>
   <div class='ocr_carea' id='block_1_7' title="bbox 0 0 1498 5138">
    <p class='ocr_par' dir='ltr' id='par_1_8' title="bbox 0 0 1498 5138">
     <span class='ocr_line' id='line_1_30' title="bbox 0 0 1498 5138; baseline 0 6"><span class='ocrx_word' id='word_1_191' title='bbox 0 0 1498 5138; x_wconf 95' lang='lat' dir='ltr'> </span> 
     </span>
    </p>
   </div>
  </div>
 </body>
</html>
