2986 5138
315 590 383 663 182
504 586 546 660 C.
577 584 1106 661 ConuarrrTacrrr

316 768 346 807 “
364 786 458 851 nere,
484 759 660 833 summum
679 758 887 857 pontificum
904 759 1007 831 etiam
1030 754 1207 830 summurn
1218 757 1285 829 ho-

315 886 344 925 “
361 880 496 953 minum
525 881 605 970 esse,
637 905 709 951 non
730 877 955 967 aemulationi,
990 902 1062 949 non
1091 876 1187 965 odio,
1223 898 1286 951 aut

314 1006 343 1043 “
359 999 501 1099 privatis
514 998 767 1071 adfectionibus
790 996 1025 1073 obnoxium.”

361 1120 462 1191 LIX.
488 1124 694 1199 Anvrrrtue
723 1142 801 1214 quae
834 1118 918 1191 cdrn
948 1139 1062 1213 augur
1095 1116 1284 1206 Lentulus,

317 1237 447 1335 aliique
475 1238 567 1313 varid
593 1237 806 1325 dissererent,
825 1234 868 1308 ed
884 1233 1065 1309 decursum
1082 1235 1146 1324 est,
1181 1242 1269 1307 “ut

316 1364 345 1401 ‘⁶
363 1357 538 1454 pontificis
552 1355 696 1428 maximi
706 1353 910 1427 sententiam
927 1354 1204 1450 opperirentur.”
1219 1352 1285 1425 Ti-

315 1476 443 1564 berius,
470 1475 574 1547 dilata
603 1474 744 1546 notione
766 1475 811 1546 de
828 1472 909 1571 jure
937 1473 1102 1562 flaminis,
1132 1472 1287 1545 decretas

315 1597 364 1668 ob
381 1592 599 1668 tribuniciam
616 1595 716 1667 Drusi
736 1593 937 1689 potestatem
958 1591 1171 1665 carimonias
1194 1612 1285 1665 tern-
1365 1664 1370 1675 ,

317 1712 474 1810 peravit3
500 1710 709 1784 nominatim
724 1737 870 1809 arguens
884 1710 1137 1785 “insolentiam
1152 1708 1288 1783 senten·

315 1831 386 1919 tia,
423 1830 606 1928 aureasque
645 1831 757 1904 literas
788 1852 908 1903 contra
939 1829 1087 1927 patrium
1115 1828 1291 1902 morem.''

316 1950 487 2029 Recitatae
515 1956 548 2024 ac
577 1952 679 2022 Drusi
708 1949 875 2046 epistola,
902 1974 1118 2046 quamquam
1141 1948 1186 2021 ad
1209 1974 1288 2022 mo·

316 2070 461 2143 destiam
494 2072 609 2158 flexae‚
658 2094 723 2165 pro
756 2067 994 2164 superbissimis
1041 2067 1288 2165 accipiuntur:

319 2195 348 2245 ⁴‘
375 2193 462 2264 Huc
490 2188 652 2261 decidisse
675 2190 814 2278 cunda,
840 2208 878 2261 ut
907 2213 950 2261 ne
967 2186 1098 2281 juvenis
1126 2187 1287 2283 quidem,

319 2315 348 2365 (ὅ
366 2329 465 2380 tanto
481 2308 612 2378 honore
627 2327 782 2402 accepto,
801 2306 907 2379 adiret
925 2306 1032 2380 Urbis
1047 2307 1144 2395 deos,
1170 2305 1288 2404 ingre·

319 2428 506 2498 “deretur
530 2422 699 2512 senarum,
725 2423 876 2521 auspicia
903 2425 1021 2497 saltem
1040 2423 1168 2521 gentile
1193 2424 1289 2520 apud

320 2551 348 2595 “
366 2541 478 2621 solum
508 2541 703 2637 inciperet?
752 2544 887 2615 Bellum
916 2542 1055 2632 scilicet,
1081 2564 1140 2617 aut
1154 2542 1290 2617 diverso

319 2670 348 2707 “
366 2682 534 2734 terrarum
562 2658 729 2749 distineri,
767 2660 868 2735 litora
902 2667 935 2735 ac
966 2664 1059 2735 lacus
1087 2661 1288 2759 Campaniae

320 2789 348 2828 “
367 2782 450 2854 cum
484 2779 639 2854 maxim&
671 2802 933 2878 peragrantem:
963 2786 1005 2855 fic
1039 2780 1149 2855 imbui
1179 2784 1289 2854 redo·

320 2909 349 2949 “
367 2926 442 2973 rem
457 2899 589 2997 generis
601 2900 764 2971 humani:
792 2899 828 2972 id
846 2901 996 2996 primum
1013 2901 1193 2997 epatemis
1204 2927 1289 2974 con·

321 3029 349 3064 “
369 3021 445 3092 filiis
473 3017 624 3095 discere:
652 3016 730 3095 sant}
759 3040 953 3116 gravaretur
970 3019 1143 3116 aspectum
1157 3020 1289 3094 civium

320 3148 349 3193 ⁴‘
366 3140 468 3214 senex
487 3141 691 3233 Imperator,
711 3134 898 3234 fessamque
915 3158 1063 3228 atatem,
1084 3143 1116 3212 &
1135 3143 1227 3213 actos
1240 3112 1307 3214 la«.

321 3263 468 3333 “bores
490 3252 737 3366 praetenderet:
766 3255 878 3330 Druso
906 3252 1102 3357 quodnisi
1125 3284 1168 3331 cx
1186 3260 1288 3331 adro-

321 3387 349 3424 “
369 3377 500 3475 gantis,
528 3375 869 3472 impedimentum?”

368 3500 451 3570 LX.
477 3500 554 3568 San
585 3495 760 3584 Tiberius,
797 3495 871 3567 vim
903 3496 1114 3592 principatus
1147 3497 1207 3572 fibi
1229 3501 1288 3571 fir·

320 3642 432 3703 mans,
476 3613 665 3711 imaginem
700 3614 908 3711 antiquitatis
941 3615 1068 3688 senatui
1098 3620 1287 3713 praebebat,

321 3736 491 3831 postulata
510 3732 768 3828 provinciarum
797 3735 840 3805 ad
869 3734 1137 3831 disquisitionem
1155 3758 1288 3833 patrum

320 3852 503 3925 mittendo.
553 3850 795 3923 Crebresccbat
823 3852 917 3924 enim
934 3856 1072 3927 Graecas
1100 3881 1159 3954 per
1186 3859 1291 3928 urbes

321 3970 458 4045 licentia
472 3990 581 4066 atquo
591 3969 776 4065 impunitas
788 3969 878 4065 asyla
893 3972 1070 4049 statuendi.
1121 3975 1289 4073 comple-
