2986 5138
1145 525 1234 603 xxiii

255 689 544 787 commodiusque
576 691 612 764 in
639 692 754 766 lucem
782 690 907 766 iterum
932 690 1050 765 emilia
1074 681 1235 759 Dublinii

254 837 349 884 anno
379 835 588 885 muccxxx.
637 811 764 885 Praesto
785 808 880 884 fuere
906 830 983 883 tum
1004 825 1165 900 excerpta
1188 825 1235 876 ex
1303 829 1309 838 ·

257 930 342 1003 Mu.
359 929 478 1028 Regio
508 933 542 1001 δι
571 929 787 1020 Florentino,
813 950 890 1002 tum
919 927 990 1002 Ms.
1019 925 1147 1013 codex,
1173 918 1235 1017 qui

258 1047 347 1122 olim
372 1047 557 1145 Rudolphi
576 1049 752 1146 Agricolae
777 1048 899 1122 fuerat.
949 1045 994 1124 Ei
1016 1065 1135 1118 tamen
1158 1039 1239 1137 plus

259 1192 361 1264 aequo
386 1166 505 1240 tribuit
532 1166 705 1263 Ryckius‚
736 1166 818 1239 edm
844 1165 902 1238 ille
927 1165 1040 1237 codex
1066 1183 1136 1232 non
1163 1175 1236 1229 tam

258 1304 410 1358 veterem
426 1283 641 1382 scripturam,
671 1285 780 1383 quam
796 1284 862 1357 viri
888 1281 1013 1358 eruditi
1028 1275 1239 1375 conjetturas

260 1402 448 1477 contineat.

309 1521 520 1596 Christianus
536 1525 766 1614 Hnutmus,
796 1527 1003 1615 Germanus,
1020 1520 1107 1596 nibil
1123 1548 1239 1622 operae

261 1641 297 1714 in
315 1643 536 1715 emendando
552 1642 695 1733 Tacito,
723 1641 827 1715 nimis
844 1641 879 1714 in
903 1641 1113 1738 explicando
1129 1644 1240 1717 collo·

261 1759 354 1834 cavit
371 1759 497 1856 Lipsiae
517 1786 609 1834 anno
625 1785 820 1834 Muccxtv.
871 1762 966 1832 Eum
982 1759 1076 1833 enim
1097 1761 1144 1834 ita
1170 1761 1239 1836 mi·

262 1878 411 1952 nutatim
423 1881 600 1978 explanat,
615 1899 655 1953 ut
671 1881 838 1953 lectorem
855 1876 977 1977 fatiget
994 1877 1119 1977 magis,
1133 1879 1242 1977 quim

263 1997 401 2096 dirigat.

311 2119 468 2213 Jacobus
491 2121 743 2209 Gnouovtus‚
772 2116 917 2212 Joannis
934 2116 1110 2191 Frederici
1135 2117 1241 2209 filius,

264 2255 444 2334 paternam
464 2236 656 2335 editionem
682 2263 763 2310 cum
780 2238 865 2310 Mff.
891 2235 1240 2333 Florentinistecog-

264 2355 387 2445 uitam,
432 2353 566 2452 suisque
599 2362 633 2430 δι
673 2355 858 2430 Variorum
897 2354 989 2429 notis
1028 2355 1244 2429 cumulatam

266 2475 372 2571 praelo
389 2494 584 2571 paraverat,
613 2476 696 2549 edm
712 2494 825 2548 morte
842 2474 1052 2572 interceptus
1076 2474 1124 2547 est
1151 2500 1245 2551 anno

266 2619 458 2668 unccxvt.
508 2593 616 2668 Filius
644 2593 715 2692 ejus
741 2596 921 2668 Abraham
944 2593 1145 2667 Gronovius
1165 2619 1244 2669 eam

265 2710 419 2810 Trajocti
446 2713 492 2785 ad
516 2716 683 2786 Rhenum
700 2738 795 2787 anno
818 2738 998 2787 Muccxxt
1025 2713 1242 2810 publicavit:

267 2831 372 2929 patris
388 2831 565 2906 memoriae
589 2830 819 2923 consulturus,
845 2838 869 2906 st
893 2832 1052 2906 convicia
1078 2831 1244 2907 adversita

267 2949 463 3046 Ryckium,
478 2948 613 3048 aliaque
630 2952 741 3025 multa
757 2953 892 3025 emdito
905 2951 982 3026 viro
996 2950 1138 3048 indigna
1153 2949 1244 3025 omi-

268 3070 368 3145 siffet.
417 3070 478 3142 Ad
497 3069 612 3167 operis
627 3072 760 3144 calcem
782 3071 928 3169 reperire
944 3070 993 3144 est
1015 3069 1125 3144 varias
1147 3068 1245 3165 quas·

267 3189 353 3262 dam
382 3188 545 3264 lectiones
583 3215 629 3263 ex
656 3191 743 3264 Mff.
774 3189 955 3265 codicibus
985 3187 1176 3263 Bodleiano
1212 3193 1248 3263 ὅτ

269 3308 520 3383 Arundelliano
536 3329 727 3406 excerptas.

318 3431 471 3524 Joannes
496 3429 675 3526 Augustus
710 3429 932 3515 Ennestus,
965 3427 1177 3513 Germanus,
1213 3423 1250 3498 in

272 3548 433 3621 eamdem
445 3547 770 3645 palaestramLipstae
781 3543 939 3643 procellit
949 3569 1248 3630 annomoccu113

273 3670 307 3738 δι
323 3667 517 3741 maximam
534 3667 609 3765 post
623 3665 783 3762 Lipfium
805 3663 944 3745 laudem
962 3662 1163 3737 consecutus
1190 3664 1250 3739 est·

271 3785 313 3858 ln
340 3785 555 3860 conferendis
579 3785 675 3859 enim
690 3783 862 3859 veteribus
889 3781 1154 3856 editionibus&
1179 3781 1250 3858 Ms.

273 3903 396 3980 codice
413 3903 686 4002 Guelferbytano
710 3907 838 3978 acer&
855 3901 1018 4002 diligens,
1045 3904 1157 3977 multa
1174 3930 1253 4002 quae

674 4024 748 4114 ba
