2986 5138
333 563 423 639 xxiv

334 730 420 802 alios
446 731 612 802 latuerant
640 729 787 805 correxit
799 758 811 816 ;
838 728 978 827 suasque
1013 744 1110 801 notas
1136 727 1246 828 Lipfii
1281 735 1317 805 δε

335 848 479 942 Joannis
496 850 525 920 F
527 849 667 922 rederici
684 848 856 923 Gronovii
875 846 1136 923 commentariis
1150 848 1312 923 addidit:

334 967 475 1040 alteram
492 967 693 1056 editionem,
713 994 818 1065 quam
836 993 881 1040 ex
900 966 1013 1064 priore
1030 965 1146 1040 nostra
1162 968 1314 1042 editione

335 1087 454 1182 paullo
486 1086 665 1160 meliorem
692 1085 788 1178 fecit,
822 1111 915 1160 anno
944 1110 1168 1160 Muccaxxrr
1199 1085 1316 1184 publi·

334 1205 437 1280 cavit.

379 1327 533 1398 Postea
552 1325 708 1422 prodiere
724 1324 950 1422 elegantiores
967 1324 1133 1398 editiones
1150 1322 1313 1423 Glasguae

332 1469 425 1517 anno
442 1468 647 1534 Muccrru,
676 1444 832 1517 Londini
857 1469 948 1516 anno
966 1467 1137 1517 mucctx.
1186 1443 1251 1517 Illa
1272 1462 1313 1516 ut

330 1565 366 1658 J.
384 1563 569 1650 Gronovii,
593 1564 667 1636 haec
683 1583 722 1636 ut
740 1563 872 1658 Ryckii
894 1565 1072 1661 exemplar
1092 1560 1312 1658 exprimeret.

333 1682 507 1754 Eamdem
527 1680 732 1779 elegantiam
762 1680 894 1754 Parisiis
915 1706 1007 1754 anno
1035 1705 1190 1754 nruccnx
1214 1679 1313 1754 exhi·

331 1799 408 1872 buit
436 1800 491 1871 Cl.
521 1802 673 1894 Joannes
699 1799 868 1873 Nicolaus
896 1804 1175 1888 Liternina,
1205 1824 1313 1896 quam

326 1916 484 1995 suarna
512 1918 669 2016 notisque
696 1917 835 2015 insuper
854 1918 1041 1992 illustravit.
1090 1920 1131 1991 ln
1152 1918 1216 1991 hac
1239 1916 1312 1990 edi-

329 2037 424 2113 tione
440 2038 612 2111 Parisrensr
626 2036 766 2110 omissus
782 2037 830 2110 est
841 2038 1012 2136 Dialogus
1028 2038 1073 2111 de
1088 2036 1309 2128 Oratoribus,

329 2158 442 2255 quiin
464 2156 629 2229 omnibus
647 2154 855 2227 editionibus
879 2156 958 2228 ante
983 2175 1238 2253 comparuerat.

377 2277 493 2346 Sarrs
524 2277 561 2346 srt
585 2272 775 2368 praecipuos
791 2274 905 2347 Taciti
929 2275 1074 2349 editores
1102 2273 1312 2349 recensuiffe.

331 2396 417 2480 Eos,
455 2390 517 2487 qui
552 2389 588 2462 in
623 2416 744 2465 omnes
778 2390 851 2489 ejus
889 2393 1008 2483 libros,
1055 2394 1112 2467 vel
1144 2395 1309 2493 srngulos,

329 2533 441 2599 notas,
470 2510 797 2601 animadversiones,
840 2513 1109 2587 commentarios
1136 2513 1310 2611 conscrip-

328 2631 457 2721 serunt,
489 2656 763 2706 commemorare
787 2631 965 2705 inlinitum
982 2633 1070 2707 foret
1097 2657 1137 2706 ac
1153 2628 1309 2704 fastidio·

328 2747 414 2823 sum.
464 2749 573 2824 Multi
602 2749 697 2824 enim
735 2749 964 2840 illaudabiles,
995 2751 1113 2848 quales
1141 2749 1308 2825 AEmilius

327 2869 1308 2959 Fannarus,CarolusPnscrrnrrus,Ludovicusu’On·

330 3011 457 3059 annus
489 2991 555 3062 &c
605 2987 779 3059 Nonnulli
807 3007 924 3061 tamen
948 2989 1134 3062 nobiles&
1158 2989 1320 3087 egregii,

327 3126 368 3179 ut
400 3108 457 3178 M.
486 3105 663 3179 Antonius
693 3108 909 3196 Munarus,
943 3107 1089 3181 Fulvius
1115 3110 1307 3199 Unsmus,

328 3227 445 3323 Hugo
468 3227 664 3314 Gnorrus,
690 3224 818 3298 Daniel
844 3227 1061 3318 Harusrus,
1092 3225 1307 3301 Godefridus

328 3343 551 3417 Guillielmus
580 3345 842 3435 Larsmrrus,
881 3345 997 3419 &alii
1027 3372 1115 3443 quos
1148 3371 1213 3442 pro
1238 3345 1307 3420 loci

328 3462 587 3560 opportunitate
609 3461 806 3538 &utilitate
832 3464 978 3539 libenter
1000 3466 1162 3565 ultroque
1182 3465 1303 3538 lauda·

327 3580 456 3660 bimus.

374 3701 521 3773 Vanum
554 3699 635 3774 edm
668 3700 784 3776 minias
810 3703 995 3801 voluptati,
1029 3704 1138 3802 quarn
1169 3702 1307 3777 utilitati

328 3816 493 3914 publicae,
518 3816 650 3916 scriptis
678 3819 744 3893 suis
760 3821 956 3896 consultum
977 3822 1125 3896 voluerit
1147 3822 1304 3914 Tacitus,

327 3958 413 4034 gens
428 3932 535 4010 ferme
550 3939 648 4012 nulla
663 3938 724 4029 est,
755 3965 833 4044 quae
849 3966 930 4017 eum
946 3939 1152 4043 indigenam
1172 3966 1213 4016 ac
1239 3967 1304 4042 po·
