2986 5138
308 580 377 650 228
499 577 540 649 C.
580 577 846 650 Connnrrr
885 576 1089 650 TAcrrr

314 773 465 844 quorum
511 774 649 821 rumore
681 750 890 846 arguebatur
937 748 1020 820 “in
1054 745 1281 823 ambitionem

315 873 344 909 “
363 865 531 956 flexiffe,’'
557 866 792 964 hujuscemodi
810 865 999 940 orationem
1016 866 1138 961 coepit.
1153 872 1180 909 “
1190 867 1284 957 Scio,

316 991 345 1029 “
364 1006 473 1081 patres
490 985 685 1083 conscripti,
702 985 929 1059 constantiam
947 1011 1061 1058 meam
1078 1011 1098 1057 a
1116 983 1287 1082 plerisque

317 1111 346 1148 “
362 1106 599 1192 desideratam,
629 1104 725 1201 quod
742 1109 832 1177 Afiae
850 1103 1046 1177 civitatibus
1063 1129 1173 1201 nuper
1188 1104 1286 1177 idem

318 1230 345 1266 “
364 1223 450 1296 istud
469 1223 674 1320 petentibus,
705 1250 776 1296 non
806 1228 866 1296 sim
895 1222 1115 1297 adversatus:
1141 1247 1225 1320 ergo
1251 1228 1286 1296 δι

317 1350 345 1386 “
363 1342 481 1440 prioris
510 1342 629 1414 silentii
646 1341 892 1432 desensronem,
916 1342 1052 1440 &quid
1071 1342 1106 1414 in
1130 1340 1287 1415 futurum

318 1469 345 1506 “
365 1461 553 1551 statuerim,
577 1464 675 1534 simul
693 1460 854 1557 aperiam.
904 1463 998 1534 Cum
1020 1460 1122 1533 divus
1145 1458 1285 1557 Augus-

319 1588 348 1625 “
366 1601 434 1670 tus,
460 1581 520 1653 fibi
538 1602 640 1678 atque
657 1582 748 1655 Urbi
764 1585 889 1654 Romae
906 1584 1080 1678 templum
1097 1582 1190 1676 apud
1202 1583 1286 1652 Per-

320 1706 348 1744 “
368 1726 510 1797 gamunu
529 1700 593 1772 sisti
622 1727 692 1772 non
712 1700 960 1796 prohibuissem
986 1701 1046 1798 qui
1063 1698 1181 1775 omnia
1197 1696 1288 1772 fasta

321 1825 349 1861 “
367 1820 527 1915 didaque
559 1817 630 1915 ejus
658 1819 734 1892 vice
769 1819 855 1916 Iegis
892 1818 1086 1908 observem,
1119 1817 1288 1915 placitum

322 1945 350 1980 “
363 1936 437 2036 jam
463 1941 666 2036 exemplum
706 1940 902 2036 promptius
936 1937 1069 2015 secutus
1090 1939 1178 2028 sum,
1207 1937 1291 2036 quia

322 2066 349 2101 “
368 2058 475 2132 cultui
498 2084 578 2131 meo
595 2059 771 2131 veneratio
788 2056 921 2134 senatos
938 2056 1197 2156 adjungebatur.
1222 2060 1290 2130 Ce-

323 2184 350 2221 “
369 2179 480 2251 terum
504 2198 542 2251 ut
558 2177 662 2251 semel
678 2178 854 2274 recepisse,
878 2175 1014 2252 veniam
1031 2176 1211 2261 habuerim
1244 2175 1293 2249 ita

324 2304 353 2340 “
372 2323 432 2395 per
448 2323 569 2369 omnes
586 2296 782 2393 provincias
808 2296 921 2394 effigie
944 2296 1130 2374 numinum
1157 2295 1290 2386 sacrari,

323 2423 351 2459 “
369 2414 602 2504 ambitiosum,
636 2415 846 2511 superbum:
890 2419 923 2487 δι
959 2415 1115 2489 vanescet
1141 2415 1293 2513 Augusti

323 2542 351 2578 “
366 2536 491 2622 honor,
520 2537 542 2605 s1
560 2533 762 2630 promiscuis
779 2534 1033 2607 adulationibus
1049 2536 1249 2632 vulgatur.”

371 2653 576 2725 XXXVIII.
604 2654 728 2723 “Eoo
752 2678 822 2741 me,
851 2674 963 2748 patres
981 2653 1175 2750 conscripti,
1199 2670 1294 2727 mor-

325 2779 353 2814 “
371 2773 475 2843 talem
492 2773 572 2860 esse,
596 2776 627 2842 &
656 2771 841 2844 hominum
866 2772 978 2844 officia
998 2772 1112 2870 fungi,
1149 2771 1292 2872 satisque

326 2897 352 2933 “
372 2893 509 2981 habere,
540 2895 560 2962 s1
587 2894 704 2962 Iocum
730 2890 921 2986 principem
949 2892 1129 2987 impleam,
1167 2897 1200 2965 δι
1230 2917 1294 2963 vos

326 3017 353 3053 “
372 3011 488 3098 testor,
528 3017 560 3082 ὃ(
586 3010 776 3083 meminisse
802 3010 953 3105 posteros
977 3014 1085 3083 volo:
1124 3012 1182 3108 qui
1215 3009 1293 3084 satis

327 3129 540 3226 “superque
567 3129 744 3201 memoriae
768 3154 854 3201 meae
868 3129 1031 3218 tribuent,
1053 3151 1091 3202 ut
1108 3129 1294 3227 majoribus

326 3259 353 3293 “
373 3251 457 3322 meis
474 3249 637 3346 dignum,
654 3274 768 3319 rerum
783 3248 968 3320 vestrarum
987 3248 1187 3343 providum,
1207 3275 1293 3322 con-

326 3378 353 3413 “
372 3371 515 3443 stantem
544 3369 579 3438 in
611 3367 782 3462 periculis,
816 3368 1043 3440 offenfionum
1069 3395 1130 3465 pro
1147 3370 1295 3443 utilitate

328 3498 355 3533 “
377 3489 515 3586 publici
543 3513 613 3559 non
633 3487 800 3581 pavidum
818 3488 971 3559 credant.
1022 3492 1114 3562 Haec
1148 3488 1236 3560 mihi
1262 3489 1296 3559 in

329 3616 356 3654 “
375 3608 497 3680 animis
515 3606 630 3678 vestris
648 3608 793 3701 templa,
823 3609 875 3678 hae
896 3607 1137 3701 pulcherrimae
1155 3607 1297 3704 effigieS,

328 3738 356 3774 “
377 3734 409 3800 &
428 3724 617 3801 mansurae:
655 3752 735 3796 nam
754 3752 831 3821 quae
850 3723 930 3796 saxo
948 3726 1136 3815 struuntur,
1164 3731 1186 3797 s1
1205 3725 1298 3821 judi-

331 3859 358 3893 “
378 3847 471 3920 cium
488 3845 698 3941 posterorum
716 3845 749 3915 in
768 3846 891 3918 odium
908 3846 1025 3934 vertit,
1038 3873 1099 3941 pro
1117 3846 1300 3943 sepulchris

329 3978 356 4014 “
373 3968 587 4065 spernuntur.
637 3964 786 4040 Proinde
813 3965 933 4056 socios,
961 3965 1068 4055 cives,
1093 3967 1229 4049 &deos
1246 3965 1299 4072 ip·
