2986 5138
428 567 730 636 Auunmum
761 563 872 637 Lrn.
904 567 951 638 H.
1114 591 1178 666 117

214 741 243 777 “
263 758 381 830 regem
394 734 569 806 Rhamsen
581 735 710 830 Libya,
732 736 923 834 AEthiopia,
946 739 1180 836 Medisque&

214 858 241 894 “
259 854 377 940 Perfis,
390 850 427 921 δι
438 851 629 941 Bactriano,
643 878 682 925 ac
695 853 832 948 Scythia
842 855 1009 950 potitum;
1028 856 1180 955 quasque

215 978 243 1013 “
260 990 363 1042 terras
385 969 460 1041 Suri
483 969 711 1066 Armeniique
728 974 761 1042 ὃ(
779 972 935 1069 contigui
952 976 1179 1071 Cappadoces

214 1097 241 1132 “
258 1091 393 1178 colunt,
419 1088 500 1159 inde
522 1088 722 1182 Bithynum,
748 1089 830 1161 hinc
849 1091 1001 1184 Lycium
1022 1091 1066 1163 ad
1086 1118 1180 1166 mare

215 1207 404 1302 “imperio
430 1205 612 1278 tenuiffe:''
642 1208 847 1303 legebantur
864 1212 897 1280 ὃ(
913 1208 1040 1281 indicta
1068 1211 1179 1306 genti-

214 1329 278 1398 bus
301 1325 443 1413 tributa‚
470 1324 605 1420 pondus
628 1325 760 1421 argenti
778 1330 811 1397 ὅτ
827 1326 912 1411 auri,
939 1352 1102 1399 numerus
1128 1353 1180 1399 ar-

215 1470 355 1516 momm
371 1466 623 1540 equorumque,
651 1447 685 1515 δι
702 1444 793 1515 dona
805 1444 942 1539 templis
955 1447 1054 1533 ebur,
1076 1466 1181 1543 atque

213 1562 348 1650 odores,
374 1559 525 1658 quasque
542 1560 657 1655 copias
673 1559 835 1633 frumenti
852 1568 884 1634 δι
903 1565 1060 1636 omnium
1082 1585 1180 1637 uten-

213 1678 323 1751 filium
340 1703 487 1776 quaeque
503 1678 595 1750 natio
611 1681 787 1774 penderet,
814 1682 906 1752 haud
918 1682 1031 1753 mimis
1044 1684 1179 1780 magni-

213 1800 293 1886 fica,
321 1798 429 1894 quam
452 1823 543 1869 nunc
562 1796 597 1869 vi
615 1800 833 1890 Parthorum,
859 1821 918 1872 aut
935 1800 1085 1896 potentia
1104 1806 1178 1875 Ro-

214 1919 317 1988 manti
323 1914 500 2013 jubentur.
1222 2012 1225 2020 Ι

260 2036 360 2107 LXI.
375 2036 570 2107 Car-numu
588 2036 816 2109 Germanicus
832 2036 904 2109 aliis
921 2063 1061 2136 quoque
1078 2039 1180 2111 mira·

212 2153 297 2226 culis
321 2153 468 2225 intendit
497 2154 667 2244 animum,
705 2179 855 2250 quorum
885 2156 1056 2252 praecipua
1084 2155 1181 2231 fuere

215 2272 418 2346 Memnonis
438 2270 537 2344 saxea
557 2273 699 2370 effigies,
730 2272 791 2344 nbi
813 2273 913 2345 radiis
933 2273 1010 2346 solis
1030 2275 1097 2347 ina
1118 2276 1180 2365 est,

214 2392 372 2464 vocalem
393 2389 515 2463 sonum
531 2392 699 2463 reddens:
729 2387 951 2488 disjcdtasque
967 2391 1053 2466 inter
1069 2399 1102 2466 δι
1120 2394 1182 2468 vix

214 2508 347 2605 pervias
363 2535 494 2598 arenas,
522 2508 625 2581 instar
637 2508 809 2581 montium
822 2511 954 2583 edudtae
966 2511 1180 2606 Pyramides,

215 2628 398 2700 certamine
415 2633 449 2700 ὅτ
466 2628 592 2724 opibus
609 2653 752 2726 regum:
780 2626 955 2726 lacusque,
982 2628 1100 2703 effossa
1117 2633 1180 2704 hu·

215 2774 289 2837 mn,
312 2747 549 2844 superfluentis
561 2747 636 2819 Nili
648 2748 884 2844 receptacula:
911 2767 1014 2844 atque
1025 2748 1107 2821 alibi
1119 2776 1180 2822 an·

134 2930 137 2937 ,
216 2865 350 2964 gustiae,
377 2870 410 2939 a
435 2865 607 2961 profunda
626 2865 786 2955 altitudo,
812 2866 913 2938 nullis
935 2867 1182 2964 inquirentium

215 2983 327 3080 spatiis
345 2984 570 3081 penetrabilis.
605 2983 698 3056 Exin
714 3004 858 3057 ventum
878 2986 1128 3081 Elephantinen
1141 3016 1181 3062 ac

214 3104 361 3200 Syenen,
379 3103 521 3176 claustra
533 3103 618 3174 olim
631 3102 784 3177 Romani
796 3101 955 3202 imperii;
979 3107 1075 3202 quod
1088 3133 1181 3181 nunc

216 3225 359 3295 rubrum
375 3223 421 3293 ad
438 3247 529 3294 mare
546 3220 695 3318 patescit.

263 3342 380 3413 LXII.
406 3342 503 3412 Dunt
522 3366 562 3412 ea
577 3340 672 3416 aestas
685 3342 894 3414 Germanico
905 3345 1019 3439 plures
1032 3369 1094 3438 per
1103 3370 1180 3440 pro-

216 3458 346 3531 vincias
363 3459 573 3556 tranfigitur,
600 3461 691 3532 haud
705 3462 782 3532 leve
796 3461 901 3533 decus
917 3460 1045 3533 Drusus
1062 3466 1181 3557 quaesr-

217 3577 280 3666 vit,
305 3578 458 3650 inliciens
474 3581 665 3651 Germanos
681 3580 725 3650 ad
742 3577 937 3668 discordias,
955 3598 1077 3675 utque,
1094 3578 1183 3652 frac-

216 3717 253 3767 to
263 3694 339 3792 jam
356 3697 595 3786 Maroboduo,
622 3695 726 3793 usque
747 3697 782 3768 in
803 3697 948 3770 exitium
971 3696 1182 3772 insisteretur.

217 3817 299 3888 Erat
317 3815 404 3887 inter
421 3816 599 3888 Gothones
613 3812 879 3911 nobilisjuvenis
892 3815 1031 3887 nomine
1041 3816 1181 3889 Catual-

217 3933 276 4022 da,
304 3934 471 4031 profugus
492 3932 577 4006 olim
594 3933 628 4006 vi
644 3934 872 4025 Marobodui,
899 3939 1045 4026 &tunc,
1071 3935 1184 4014 dubiis

711 4054 774 4151 1’3
