2986 5138
275 594 344 667 252
505 567 1070 642 C.Coauar11Tncrrr

274 761 349 814 tum
366 738 526 812 Tiberius
556 740 744 814 duodecim
778 741 937 814 villarum
970 739 1183 830 nominibus»,
1207 745 1246 815 δι

274 859 425 932 molibus
441 857 606 932 insederat
621 890 632 946 ;
666 860 795 958 quanto
817 860 969 933 intentus
984 859 1069 933 olim
1087 860 1251 957 publicas

273 982 318 1051 ad
336 1004 446 1067 curas,
478 979 574 1051 tanto
590 982 746 1053 occultos
775 985 810 1052 in
840 981 956 1068 luxus,
977 981 1160 1053 &malum
1176 979 1249 1052 oti·
1268 1041 1271 1046 .

274 1125 335 1170 um
364 1097 537 1170 resolutus.
587 1102 758 1172 Manebat
787 1097 919 1195 quippe
947 1097 1176 1195 suspicionum
1208 1103 1247 1172 &

274 1216 437 1290 credendi
466 1215 651 1306 temeritas,
681 1244 786 1314 quam
815 1217 952 1313 Sejanus
979 1243 1105 1316 augere
1138 1217 1249 1292 etiam

275 1334 311 1409 in
329 1339 426 1410 Urbe
443 1328 569 1424 suetus,
602 1336 711 1409 acriirs
728 1339 902 1426 turbabat,
928 1362 999 1409 non
1008 1335 1082 1434 jam
1098 1337 1250 1410 occultis

275 1454 460 1528 adversum
478 1455 708 1552 Agrippinam
727 1457 955 1528 &Neronem
973 1455 1110 1528 insidiis.
1152 1457 1250 1553 Qris

275 1574 412 1647 additus
429 1572 540 1662 miles,
567 1573 721 1664 nuntios,
746 1574 916 1663 introitus,
942 1595 1072 1672 aperta,
1103 1573 1248 1664 secreta,

275 1696 371 1766 velut
402 1693 435 1764 in
457 1695 595 1765 annales
611 1691 800 1768 referebat:
835 1694 994 1790 ultroque
1011 1694 1247 1784 struebantur,

275 1813 336 1911 qui
366 1833 544 1885 monerent
572 1820 598 1855 “
622 1811 801 1910 perfugere
824 1814 867 1885 ad
895 1811 1089 1885 Germaniae
1110 1812 1247 1885 exerci-

277 1942 304 1976 “
324 1954 391 2023 tus,
415 1934 470 2005 vel
489 1931 712 2004 celeberrimo
737 1931 800 2003 fori
819 1931 971 2028 effigiem
994 1931 1067 2004 divi
1090 1932 1248 2028 Augusti

277 2060 304 2096 “
323 2051 500 2148 ampledli,
529 2052 768 2148 populumque
789 2076 828 2122 ac
857 2048 1012 2124 senatum
1027 2048 1155 2123 auxilio
1180 2076 1247 2123 vo·

276 2180 304 2217 “
323 2173 435 2245 care.''
486 2173 607 2268 anue
633 2166 742 2266 spreta
770 2171 815 2241 ab
843 2167 921 2260 illis,
951 2171 1045 2242 velut
1070 2189 1248 2266 pararent,

275 2290 534 2389 objiciebantur.

323 2412 490 2483 LXVIII.
527 2410 651 2503 Juuro
669 2408 783 2482 Silano
801 2407 933 2482 &Silio
953 2409 1070 2481 Nerva
1093 2407 1249 2482 consuli-

275 2533 355 2619 bus,
366 2528 502 2602 foedum
519 2529 600 2601 anni
614 2527 823 2625 principium
842 2528 982 2617 incesfit,
995 2529 1104 2600 tracto
1114 2525 1149 2598 in
1166 2553 1247 2602 car-

276 2676 391 2723 cerem
413 2646 544 2720 inlustri
566 2647 681 2745 equite
707 2651 886 2735 Roman0,
915 2645 1011 2718 Titio
1027 2645 1168 2736 Sabino,
1195 2650 1251 2722 ob

276 2768 462 2841 amicitiam
495 2766 716 2839 Germanici:
747 2766 969 2862 nequeenim
987 2764 1141 2838 omiserat
1156 2792 1248 2838 con-

269 2889 406 2988 jugem,
431 2885 618 2982 liberosque
648 2885 719 2983 ejus
745 2888 927 2982 percolere,
955 2884 1094 2958 sedator
1126 2886 1247 2976 domi,

276 3034 394 3080 comes
410 3008 445 3079 in
472 3006 625 3101 publico,
654 3006 730 3102 post
749 3026 799 3077 tot
825 3006 964 3077 clientes
988 3032 1076 3077 unus
1090 3034 1101 3090 ;
1128 3006 1248 3102 eoque

275 3130 369 3224 apud
399 3131 508 3199 bonos
542 3128 712 3214 laudatus,
738 3130 770 3196 &
800 3125 912 3221 gravis
945 3124 1081 3220 iniquis.
1131 3127 1250 3199 Hunc

274 3246 434 3321 Latinius
461 3244 619 3331 Latiaris,
650 3244 789 3316 Porcius
813 3246 915 3333 Catu,
951 3244 1089 3315 Petitius
1112 3243 1249 3333 Rufus,

275 3371 332 3440 M.
351 3369 487 3461 Opsrru,
504 3368 648 3460 praetura
664 3362 785 3451 suneli,
804 3364 1063 3460 adgrediuntur,
1080 3362 1252 3457 cupidine

275 3484 493 3567 consularlu3
526 3484 570 3554 ad
588 3509 690 3578 quem
711 3509 780 3554 non
807 3483 865 3554 nisi
894 3509 952 3577 per
980 3481 1138 3579 Sejanum
1169 3484 1250 3555 adi-

275 3626 352 3678 tus:
378 3629 490 3698 neque
517 3601 625 3699 Sejani
654 3602 825 3690 voluntaS,
853 3602 912 3674 nisr
930 3602 1051 3673 scelere
1068 3604 1249 3697 quaereba-

276 3747 340 3797 tur.
365 3725 605 3817 Composrtum
622 3721 709 3792 inter
730 3719 830 3817 ipsos,
854 3742 891 3791 ut
909 3721 1067 3808 Latiaris,
1089 3720 1149 3816 qui
1167 3747 1251 3794 mo-

276 3844 355 3916 dico
382 3841 442 3914 usu
465 3842 629 3913 Sabinum
659 3841 893 3937 contingebat,
931 3842 1070 3912 strueret
1105 3842 1250 3931 dolum,

277 3961 379 4038 ceteri
409 3960 507 4032 testes
528 3962 703 4034 adessent:
729 3959 854 4033 deinde
882 3958 1129 4033 accusationem
1154 3958 1248 4036 inci-
