2986 5138
444 584 749 656 Arruntium
773 582 888 655 Lra.
912 583 976 654 111.
1127 587 1188 656 181

223 761 252 797 ‘⁴
271 759 304 826 δι
323 755 462 844 arcus,”
487 755 623 850 aliaque
643 751 739 827 solita
762 756 954 829 censerent..
995 754 1069 828 Nisr
1094 754 1192 853 qudd

221 877 278 947 M.
295 874 426 946 Silanus
456 898 501 945 ex
535 873 745 946 contumelia
778 873 985 962 consulatlrs,
1023 876 1192 948 honorem

221 991 441 1089 Principibus
464 992 610 1089 petivit:
637 990 800 1090 dixitque
823 1018 886 1088 pro
901 991 1078 1080 sententis,
1106 998 1133 1034 “
1151 1010 1194 1063 ut

224 1119 252 1154 “
271 1110 419 1208 publicis
436 1110 645 1209 privatisque
662 1110 898 1200 monimentis,
923 1111 969 1182 ad
985 1108 1191 1184 memoriam

224 1236 252 1272 “
270 1250 482 1325 temporum,
517 1255 589 1302 non
614 1229 794 1303 consulum
822 1226 967 1303 nomina
993 1226 1190 1325 praescribe·

224 1355 250 1390 “
270 1369 400 1436 rentur,
426 1348 484 1420 sed
508 1373 644 1438 eorum,
670 1349 731 1446 qui
748 1347 968 1422 tribuniciam
986 1346 1190 1445 potestatem

223 1473 250 1508 ‘⁴
270 1468 460 1563 gererent.”
510 1472 560 1540 At
587 1471 643 1564 Q
661 1466 841 1556 Haterius,
867 1467 951 1540 clam
976 1462 1092 1562 “ejus
1120 1462 1191 1538 diei

223 1592 251 1626 “
267 1582 551 1658 senatusconsulta
578 1585 688 1658 aureis
710 1586 812 1659 literis
838 1587 979 1683 figenda
1007 1584 1044 1656 in
1070 1584 1190 1658 eutiss'

222 1702 411 1793 censuisset,
429 1703 622 1777 deridiculo
639 1703 718 1793 fuit,
741 1701 844 1778 senex
861 1702 1053 1780 foedissrmae
1071 1703 1189 1779 adula-

222 1821 324 1895 tionis
336 1823 470 1895 tantiun
493 1822 636 1898 infamia
652 1822 780 1897 usurus.

270 1942 402 2014 LVIII.
428 1942 551 2014 lurnn
593 1967 685 2038 quae,
722 1941 903 2039 provincia
931 1940 1050 2016 Africa
1082 1941 1190 2037 Junio
1244 2012 1247 2018 .

221 2055 327 2132 Blaeso
345 2062 545 2158 prorogata,
562 2059 699 2133 Servius
715 2059 967 2159 Maluginensis
982 2064 1110 2135 flamen
1125 2059 1189 2133 Di·

221 2177 296 2268 alis,
322 2196 361 2250 ut
396 2181 513 2253 Asiam
532 2178 619 2252 sorte
649 2180 790 2251 haberet
824 2178 1033 2275 postulavit;
1070 2176 1192 2252 snrstra

220 2298 406 2395 vulgatum
433 2295 593 2369 dictitans
619 2303 737 2370 “non
765 2296 868 2371 licere
890 2297 1050 2371 Dialibus
1070 2297 1191 2396 egredi

223 2422 250 2458 “
268 2416 388 2491 ltalia:
415 2439 529 2513 neque
548 2413 646 2489 aliud
667 2413 855 2513 jussuum,
882 2416 991 2512 quam
1017 2417 1192 2493 Martialia

223 2540 251 2577 “
271 2561 346 2624 um,
383 2533 687 2632 Qirinaliumque
720 2533 929 2608 flaminum:
968 2560 1073 2632 porro
1102 2540 1125 2610 fi
1154 2534 1191 2608 hi

223 2659 251 2696 “
268 2652 443 2725 duxissent
461 2652 667 2750 provincias,
693 2676 757 2726 cur
777 2652 937 2728 Dialibus
958 2652 996 2725 id
1012 2653 1189 2728 vetitum?

223 2777 251 2814 “
269 2772 366 2844 nulla
380 2772 425 2844 de
441 2796 484 2844 eo
508 2771 629 2868 populi
652 2768 746 2863 scita,
771 2796 843 2845 non
861 2771 897 2845 in
920 2771 1015 2846 libris
1036 2771 1191 2846 caerimo·

224 2896 250 2931 “
269 2888 404 2963 uiarum
419 2888 568 2985 reperiri.
616 2891 716 2987 Saepe
744 2889 927 2986 pontifices
955 2890 1070 2964 Dialia
1100 2891 1192 2965 sacra

224 3014 250 3051 “
269 3006 396 3098 secisse,
416 3010 439 3080 fi
456 3011 584 3081 flamen
601 3008 811 3099 valetudine,
839 3029 898 3083 aut
913 3033 1056 3083 munere
1074 3008 1190 3106 publi-

203 3104 251 3169 ⁰“
270 3152 326 3214 co,
352 3126 588 3223 impediretur.
636 3128 704 3203 Sex
727 3125 991 3226 &septuaginta
1006 3127 1102 3201 annis
1116 3120 1192 3222 post

224 3250 251 3288 “
269 3244 419 3318 Cornelii
445 3247 593 3321 Merulae
611 3246 756 3337 caedem,
782 3246 959 3320 neminem
982 3245 1190 3329 suffeslums

224 3371 252 3405 “
272 3389 385 3461 neque
400 3383 517 3437 tamen
534 3364 705 3442 cessavisse
720 3364 917 3462 religiones.
966 3362 1075 3461 Qod
1091 3366 1114 3434 fi
1132 3386 1193 3457 per

226 3490 254 3527 “
272 3503 323 3556 tot
339 3508 447 3557 annos
458 3485 557 3580 possit
568 3509 640 3556 non
658 3483 777 3574 creari,
795 3484 891 3556 nullo
906 3481 1079 3555 sacrorum
1091 3481 1191 3551 dam·

224 3610 250 3646 “
268 3628 338 3690 n03
366 3601 499 3699 quantd
525 3598 656 3675 facilibs
683 3601 898 3690 abfuturum,
918 3602 963 3673 ad
987 3599 1084 3672 unius
1111 3598 1193 3672 anni

224 3729 252 3764 “
270 3720 510 3819 proconsulare
527 3719 741 3817 imperium?
792 3718 939 3793 Privatis
965 3718 1052 3796 olim
1079 3718 1192 3792 stmul-

223 3847 251 3884 “
269 3841 397 3916 tatibus
420 3841 597 3928 effectum,
623 3858 697 3912 uta
723 3839 949 3937 pontificibus
965 3836 1128 3917 maximis
1144 3835 1194 3908 ire

225 3965 251 4008 “
270 3959 306 4035 in
325 3959 521 4062 provincias
550 3957 837 4054 prohiberentur:
864 3983 957 4034 nunc
979 3957 1090 4064 ‘detlm
1116 3979 1193 4031 mu·

643 4077 720 4177 Na
