2986 5138
419 561 953 637 Animantium.
1148 589 1215 662 291

247 731 480 833 patefaciens:
519 737 761 837 interrogatur,
803 745 832 781 “
855 763 899 812 an
939 734 1034 809 suam
1078 761 1220 834 quoque
1319 725 1321 730 ¹

249 856 482 953 “genitalem
506 859 630 931 horam
656 857 885 955 comperisset,
910 878 1016 952 quern
1047 873 1124 926 tum
1156 881 1217 927 an-

247 980 276 1016 “
293 978 553 1072 num,'qualem
569 976 666 1049 diem
683 975 823 1050 haberet
839 975 879 1049 ?'’
909 975 972 1047 Ille
988 977 1114 1070 positus
1133 973 1218 1044 srde·

244 1115 337 1183 rum,
377 1120 417 1168 ac
448 1094 555 1192 spatia
583 1092 771 1184 dimensus,
810 1095 940 1167 haerere
967 1088 1096 1189 primo,
1135 1090 1219 1164 dein

246 1211 440 1309 pavescere,
470 1220 519 1304 ὅτ,
550 1214 721 1312 quantiam
750 1212 995 1309 introspiceret,
1031 1209 1143 1308 magis
1176 1235 1218 1282 ac

243 1331 357 1429 magis
375 1332 531 1430 trepidus
548 1332 783 1407 admirationis
817 1333 850 1404 δι
883 1333 1010 1421 menls,
1045 1325 1218 1426 postremo

244 1453 432 1541 exclamat,
478 1457 505 1493 “
522 1452 732 1549 ambiguum
761 1451 822 1524 fibi
849 1477 888 1524 ac
917 1449 1023 1546 prop&
1051 1447 1218 1520 ultimum

245 1570 472 1644 “discrimen
502 1570 661 1645 instare.”
710 1573 809 1643 Tum
826 1570 1031 1666 complexus
1049 1595 1131 1641 eum
1152 1568 1217 1640 Ti·

244 1689 373 1778 berius,
410 1688 628 1786 “praescium
655 1689 901 1788 periculorum,
936 1690 969 1761 δι
1001 1687 1218 1761 incolumem

245 1814 273 1850 “
290 1807 386 1881 fore’'
424 1827 598 1905 gratatur3
633 1833 782 1906 quaeque
809 1808 958 1897 dixerat,
985 1807 1115 1880 oraculi
1141 1805 1217 1879 vice

243 1926 428 2024 accipiens,
454 1927 542 2000 inter
558 1926 700 2000 intimos
716 1926 910 2000 amicorum
926 1945 1030 1998 tenet.

300 2047 420 2121 XXII.
458 2047 532 2119 Suu
560 2045 647 2119 mihi
674 2047 764 2135 haec,
794 2071 834 2118 ac
868 2044 949 2116 talia
977 2042 1146 2132 audienti,
1178 2041 1217 2114 in

171 2227 174 2235 .
240 2163 374 2239 incerto
393 2162 569 2262 judicium
586 2164 649 2255 est,
666 2164 782 2238 sarone
799 2189 852 2237 res
870 2164 1071 2237 mortalium
1096 2167 1129 2235 ὃς
1154 2185 1216 2232 ne·

241 2287 388 2358 celsitate
415 2283 641 2375 immutabili,
666 2308 710 2356 an
735 2282 822 2357 forte
840 2284 1053 2356 volvantur:
1085 2281 1217 2378 quippe

241 2402 498 2499 sapientissimos
524 2423 697 2491 veterum,
725 2402 856 2501 quique
882 2401 1007 2475 seciam
1033 2425 1151 2473 eorum
1168 2426 1214 2472 ae·

241 2524 429 2612 mulautur,
447 2521 597 2595 diversos
614 2521 773 2618 reperies,
797 2546 837 2594 ac
855 2520 971 2593 multis
988 2520 1122 2593 insitam
1138 2519 1214 2615 opi·

239 2639 396 2731 nionem,
432 2648 545 2712 “non
565 2641 664 2713 initia
688 2640 808 2728 nostrl,
833 2665 906 2713 non
922 2641 1045 2731 finem,
1063 2664 1135 2712 non
1151 2639 1214 2710 de·

233 2761 270 2801 ‘⁴‘
287 2758 395 2854 nique
422 2758 582 2831 homines
621 2758 686 2831 diis
723 2783 827 2831 cura.
888 2758 974 2830 Ideo
1005 2754 1215 2832 creberrime

241 2876 396 2948 “tristia
424 2875 461 2947 in
499 2878 625 2964 bonos,
652 2877 729 2948 laeta
755 2877 849 2971 apud
876 2875 1058 2948 deteriores
1091 2878 1158 2948 effe
1173 2877 1214 2948 ?''

229 2994 371 3069 ,Contra
403 2993 475 3083 alii,
513 3001 540 3036 “
552 2991 663 3066 saturn
687 2993 832 3091 quidem
858 3018 1049 3091 congruere
1071 2997 1214 3084 rebus,''

239 3134 375 3210 putant,
406 3120 434 3156 “
455 3111 513 3213 spd
543 3138 613 3184 non
642 3136 662 3185 e
690 3111 789 3210 vagis
819 3111 937 3202 stellis,
964 3113 1086 3186 veriam
1117 3113 1213 3210 apud

240 3240 268 3276 “
288 3231 472 3329 principia,
509 3234 542 3305 δι
585 3256 695 3304 nexus
741 3230 948 3304 naturalium
987 3229 1211 3306 causarum:”

236 3377 276 3425 ac
295 3372 412 3424 tamen
439 3350 689 3424 “electionem
716 3350 822 3425 vitae''
847 3349 948 3425 nobis
981 3349 1210 3447 relinquunt3

239 3478 266 3513 “
285 3495 393 3568 quam
421 3469 481 3544 ubi
507 3470 664 3568 elegeris,
699 3489 835 3544 certum
867 3469 1124 3544 imminentium
1153 3494 1210 3541 or·

239 3595 267 3633 “
285 3588 429 3662 dinem:
468 3614 582 3686 neque
611 3591 716 3678 mala,
759 3591 814 3662 vel
847 3590 955 3680 bona,
981 3609 1060 3687 quae
1083 3588 1211 3684 vulgus

237 3715 265 3751 “
285 3728 404 3805 putet:
435 3710 578 3798 multos,
602 3709 663 3807 qui
683 3707 870 3782 conflistari
892 3709 1038 3781 adversis
1066 3704 1209 3778 videan-

238 3833 266 3869 “
284 3846 354 3917 tur,
380 3829 523 3913 beat0s3
546 3852 586 3900 ac
615 3825 808 3925 plerosque,
833 3853 1048 3924 quamquam
1065 3849 1210 3923 magnas

239 3950 345 4040 “per
364 3971 462 4044 opes,
489 3945 720 4022 miserrimos:
745 3949 769 4020 sr
797 3946 847 4019 illi
873 3971 1016 4046 gravem
1032 3944 1209 4019 fortunam

687 4067 725 4138 U
751 4090 771 4138 2
