2986 5138
333 576 400 644 ¹14
541 554 1122 635 C.Conur.r11Tnc1r1

329 726 454 818 filium,
480 728 576 824 qubd
597 729 625 802 is
647 729 756 826 primal
774 733 819 804 ab
835 731 976 806 infantia
1001 733 1201 810 instituta&
1220 736 1295 812 cul-

329 864 405 918 tum
435 848 685 921 Armeniorum
714 851 907 941 aemulatus,
937 872 1076 942 venam,
1105 855 1231 949 epulis,
1263 860 1298 931 ὃς

328 990 406 1061 quae
433 967 498 1038 alia
526 968 661 1040 barbari
688 971 877 1060 celebrant,
901 995 1061 1067 proceres
1084 971 1297 1071 plebemque

321 1080 424 1180 juxta
441 1085 654 1159 devinxerat.
700 1088 809 1183 Igitur
825 1088 1054 1162 Germanicus
1071 1089 1107 1161 in
1123 1094 1210 1165 urbe
1227 1099 1296 1167 Ar·

326 1206 454 1292 taxatlr,
468 1205 738 1300 adprobantibus
751 1206 940 1296 nobilibus,
954 1207 1162 1282 circumfusa
1178 1214 1296 1287 multi·

326 1321 460 1410 tudine,
475 1322 606 1421 insigne
623 1323 760 1421 regium
777 1324 881 1420 capiti
898 1322 970 1420 ejus
987 1324 1169 1421 imposuit:
1192 1333 1296 1405 ceteri

326 1461 526 1513 venerantes
548 1467 682 1539 regem,
707 1443 874 1514 Artaxiam
896 1442 1174 1531 consalutavere3
1201 1451 1297 1545 quod

325 1558 376 1630 illi
402 1562 613 1633 vocabulum
640 1561 837 1635 indiderant
858 1587 903 1634 ex
927 1562 1070 1635 nomine
1092 1565 1197 1638 urbis.
1246 1571 1297 1640 At

325 1679 564 1773 Cappadoces
583 1680 618 1750 in
634 1678 781 1753 formam
800 1680 985 1777 provinciae
1004 1682 1145 1772 redacti,
1164 1687 1295 1782 QVe-

325 1795 461 1869 ranium
486 1801 639 1896 legatum
665 1801 851 1895 accepere:
878 1805 912 1872 δε
939 1801 1101 1897 quadam
1123 1827 1168 1873 ex
1190 1802 1294 1898 regiis

324 1915 459 1988 tributis
486 1918 678 2007 deminuta,
709 1915 781 2014 qub
807 1916 923 1991 mitius
955 1923 1159 1991 Romanum
1185 1918 1295 2015 impe-

324 2034 415 2107 rium
439 2033 639 2133 speraretur.
688 2037 935 2134 Commagenis
956 2042 1013 2136 Q
1026 2040 1180 2111 Servaeus
1203 2062 1292 2132 prae-

324 2154 478 2249 ponitur,
496 2176 573 2228 tum
590 2156 743 2251 primum
759 2153 871 2252 adjus
889 2156 1040 2252 praetoris
1056 2154 1234 2228 translatis.

371 2276 487 2346 LVII.
499 2276 749 2360 Curemus
767 2271 900 2347 socialia
915 2269 1072 2370 prospere
1088 2277 1293 2369 composita,

323 2417 395 2463 non
413 2392 492 2464 ideo
508 2393 625 2464 laetum
643 2392 893 2466 Germanicum
909 2393 1095 2482 habebant,
1110 2394 1159 2466 ob
1175 2392 1293 2489 super·

324 2508 418 2581 biam
445 2509 588 2601 Pisonis,
619 2512 678 2607 qui
697 2510 807 2607 jussus
836 2532 969 2610 partem
996 2510 1177 2608 legionum
1206 2511 1291 2607 ipse,

321 2648 381 2699 aut
394 2627 576 2722 persillum
588 2628 624 2701 in
637 2631 840 2703 Armeniam
851 2632 993 2719 ducere,
1008 2648 1198 2725 utrumque
1208 2646 1294 2726 neg-

322 2749 463 2818 lexerat.
512 2748 637 2843 Cyrrhi
667 2751 812 2823 demum
839 2750 934 2846 apud
962 2747 1108 2821 hiberna
1137 2749 1294 2821 decumae

322 2867 471 2963 legionis
499 2871 705 2958 convenere,
733 2871 871 2941 firmato
892 2870 1007 2957 vulto,
1032 2867 1109 2940 Piso
1132 2867 1295 2939 adversus

321 3007 468 3074 metum,
483 2988 709 3060 Germanicus
727 3014 770 3060 ne
783 2986 904 3058 minari
912 2988 1116 3060 ’crederetur
1122 3016 1133 3071 ;
1158 2990 1190 3057 ὃ(
1209 3006 1292 3074 erat,

321 3123 360 3175 ut
384 3106 499 3192 retuli,
525 3105 750 3178 clementior:
779 3104 837 3176 sed
860 3104 962 3176 amici
987 3105 1218 3177 accendendis
1240 3103 1293 3177 os-

320 3222 528 3296 sensronibus
546 3224 676 3311 callidi,
700 3223 877 3295 intendere
897 3247 993 3311 vera,
1016 3225 1180 3321 adgerere
1197 3222 1292 3311 salsa,

320 3341 503 3439 ipsumque
537 3348 569 3416 ὃ(
603 3343 819 3429 Plancinam,
852 3345 885 3413 &
919 3341 1008 3413 filios
1041 3341 1143 3414 variis
1177 3341 1293 3414 modis

320 3461 502 3534 criminari.
552 3461 730 3533 Postremi)
752 3459 869 3556 paucis
891 3457 1113 3532 familiarium
1129 3459 1292 3532 adhibitis

319 3578 430 3652 sermo
446 3603 582 3675 coeptus
599 3605 619 3651 a
634 3578 778 3666 Caesare‚
798 3579 936 3674 qualern
954 3577 1001 3648 ira
1018 3582 1051 3649 &
1069 3577 1289 3650 dissimulatio

319 3700 455 3796 gignit:
484 3697 679 3793 responsum
702 3723 722 3769 a
745 3696 865 3769 Pisone
892 3696 1049 3792 precibus
1073 3693 1287 3766 contumaci-

317 3820 396 3907 bus,
426 3816 708 3911 discesserantque
730 3814 857 3910 opertis
880 3813 993 3886 odiis:
1024 3811 1167 3907 postque
1192 3836 1288 3882 rarus

317 3933 352 4007 in
375 3935 536 4009 tribunali
559 3933 694 4008 Casaris
714 3933 791 4007 Piso
798 3961 810 4020 3
839 3937 872 4006 ὅτ
897 3937 919 4006 st
941 3931 1083 4030 quando
1104 3931 1286 4021 adsideret,
