2986 5138
267 533 403 610 xxxviii

265 707 445 783 Interdum
460 721 579 780 tamen
594 704 640 781 rb
653 728 696 782 ea
705 700 863 798 discedit,
872 703 1026 783 sedritio
1038 730 1239 805 operatum,

263 847 304 900 ut
328 829 414 917 XII,
447 846 501 899 ιι.
527 824 631 916 XIII,
654 846 708 922 η.
730 845 797 900 etc.
814 852 893 924 quae
909 826 947 900 in
962 826 1052 900 notis
1073 827 1239 906 indicari-

262 972 354 1021 mus.
410 945 520 1045 Igitur
545 942 644 1020 facile
672 945 804 1024 Aldina
828 964 956 1038 eareat,
984 944 1046 1044 qui
1074 946 1240 1023 Rhenani

262 1065 449 1140 editionem
464 1067 580 1139 habet.

310 1185 446 1260 Eadem
461 1182 548 1259 ratio
562 1182 613 1258 est
631 1181 830 1280 Gryphr'enae,
845 1207 923 1280 quae
939 1182 1110 1282 Lugduni
1129 1208 1235 1283 1543.

260 1304 394 1379 odionis
420 1303 561 1402 prodiit,
594 1301 657 1376 nisr
685 1302 786 1399 quod
815 1302 914 1399 plura
939 1325 1126 1399 operarum
1153 1329 1234 1402 pec-

263 1444 341 1499 cata
366 1423 512 1497 admifit.
556 1420 704 1496 ‘Additae
727 1441 843 1495 tamen
870 1419 947 1495 sunt
975 1441 1067 1496 notae
1091 1424 1236 1514 Ferreti,

260 1541 473 1640 servatusque
487 1540 682 1615 Thesrunrs
693 1539 871 1630 Rhenani,
889 1563 996 1639 quem
1012 1540 1100 1616 dixi.
1149 1545 1234 1622 Hu-

255 1659 313 1761 jus
329 1660 490 1735 editionis
508 1661 713 1757 exemplum
729 1658 856 1750 habeo,
878 1660 976 1757 quod
994 1678 1108 1734 tomm
1125 1686 1235 1735 manu

259 1782 418 1880 elegante
432 1779 480 1853 ita
495 1780 689 1854 corrodium
701 1778 764 1869 est,
782 1778 834 1852 uti
850 1780 946 1876 prelo
957 1797 1118 1876 paratum
1134 1775 1235 1874 fuiffe

260 1898 427 1975 videamr.
474 1897 587 1998 Cujus
612 1923 654 1973 en
679 1923 803 1972 manus
824 1897 925 1987 effer,
947 1894 1128 1994 exquirere
1160 1921 1236 1971 non

259 2021 370 2120 potui.
418 2019 582 2118 Lipfiam
609 2017 754 2115 quidem
782 2014 934 2090 editione
962 2014 1128 2113 posterior
1155 2040 1234 2090 cor·

256 2139 365 2213 renio
391 2139 453 2212 est.
502 2139 598 2210 Nam
622 2135 885 2210 emendationes
905 2134 976 2210 fere
992 2133 1070 2209 sunt
1096 2159 1117 2209 e
1140 2135 1232 2209 notis

229 2329 232 2336 .
257 2258 380 2356 Lipsri,
399 2254 548 2346 Mureti,
573 2253 801 2354 eIiomrnque.
849 2252 1078 2353 Inprimisque
1094 2255 1131 2328 id
1149 2255 1231 2330 Iioet

256 2374 376 2450 videre
401 2375 438 2448 in
466 2376 621 2474 DinIogo
652 2375 697 2449 de
727 2373 947 2464 Oratoribus,
974 2373 1035 2472 qui
1062 2393 1154 2447 totus
1185 2375 1232 2449 ad

253 2496 460 2592 exemplum
492 2494 698 2592 Lipsianum
728 2493 897 2567 cerrenus
924 2491 982 2566 eii.
1041 2497 1137 2568 Aure
1168 2493 1230 2566 Pi·

253 2616 375 2689 chenae
406 2635 524 2689 tamen
555 2612 828 2713 recognitionem
853 2611 1100 2687 correiiionem
1127 2610 1229 2688 Istam

254 2731 382 2808 samm
405 2735 486 2824 effe,
515 2752 608 2832 paret
624 2757 670 2808 ex
684 2757 742 2822 eo,
769 2732 867 2830 quod
882 2729 969 2804 nihil
988 2730 1230 2807 emendation·

255 2877 318 2927 um
344 2853 504 2945 Pichenre
539 2851 716 2951 reperitur.
776 2850 888 2943 Nori,
915 2852 953 2925 h.
970 2876 1000 2925 e.
1022 2851 1119 2949 quod
1143 2851 1228 2925 ariri

256 2997 328 3046 non
353 2970 430 3070 jun
460 2973 554 3063 effer,
585 2996 770 3069 perparum
797 2970 918 3068 reperi,
943 2971 1040 3068 quod
1067 2969 1104 3042 in
1138 2970 1230 3046 notis

252 3090 341 3166 meis
365 3091 512 3190 prodere
538 3115 611 3164 non
637 3089 788 3190 neglexi.
836 3090 969 3164 Ceterae
996 3089 1226 3187 Gryphianre,

255 3237 334 3310 quae
373 3227 703 3301 commemorantur,
737 3228 912 3308 quotquot
943 3227 1026 3283 anne
1066 3209 1230 3307 uptam

255 3329 423 3430 prodiere,
447 3327 666 3404 hauddubie
688 3346 824 3436 tantum
841 3328 991 3428 priorem
1007 3329 1103 3403 illam
1126 3352 1228 3426 repe-

253 3471 351 3526 tunt:
369 3449 464 3526 unde
480 3473 534 3523 eas
551 3472 622 3523 non
629 3453 844 3548 magnopere
855 3447 1037 3548 requifiri:
1058 3472 1137 3546 quae
1149 3446 1229 3544 post

253 3571 454 3667 Lipdananr
466 3571 577 3642 &doru
588 3569 740 3668 vulgatae
755 3567 845 3658 sinit,
862 3569 959 3642 velut
970 3565 1118 3642 Antonii
1133 3568 1228 3662 Gry-

252 3689 326 3785 prii
350 3716 382 3763 a.
410 3691 513 3785 1584.
531 3687 719 3779 duodenis,
737 3687 938 3785 eLipsmno
955 3689 1121 3783 exemplo
1136 3686 1229 3759 duc-

254 3826 299 3880 tae
331 3805 422 3883 sunt.
470 3807 634 3884 Ceterum
666 3805 804 3904 quoties
830 3804 868 3881 in
899 3804 992 3881 notit
1016 3802 1141 3880 nostris
1170 3803 1229 3880 ed.
