2986 5138
254 593 324 683 246
486 587 528 660 C.
553 588 793 661 Connsarr
818 586 1003 660 Tncrrr

253 766 318 839 tris
339 783 475 837 careret.
525 768 618 838 Mox
644 764 753 861 patuit
786 767 893 837 breve
915 761 1106 835 confinium
1133 760 1233 852 artis,

256 883 397 969 &falsu
424 908 576 978 veraque
598 884 704 979 quarn
724 881 873 956 obscuris
897 902 1120 980 tegerentur:
1146 906 1238 953 nam

253 1003 290 1078 in
307 1007 445 1076 Urbem
474 1029 544 1074 non
572 1004 815 1098 regressurum,
842 1003 936 1073 haud
959 1000 1045 1074 sorte
1066 999 1234 1073 distum:

252 1143 447 1196 ceterorum
474 1120 575 1194 nescii
594 1123 710 1219 egere,
733 1122 816 1194 clun
834 1122 1034 1218 propinquo
1051 1145 1142 1210 rure,
1172 1139 1240 1193 aut

253 1241 367 1330 litore,
409 1248 442 1313 δι
476 1238 565 1337 saepe
599 1240 729 1312 moenia
761 1238 870 1312 Urbis
909 1240 1078 1330 adsidens,
1117 1258 1238 1311 extre-

254 1386 352 1437 mam
380 1360 548 1433 senectam
582 1358 821 1454 compleverit.

309 1482 409 1552 LIX.
437 1484 496 1552 Ac
529 1503 652 1551 ronrn
684 1477 749 1550 illis
777 1476 898 1550 diebus
925 1479 1084 1551 oblatum
1109 1477 1240 1552 Caesari

254 1623 380 1694 anceps
413 1598 620 1694 periculum,
653 1596 750 1670 auxit
779 1621 867 1668 vana
893 1597 1061 1670 rumoris:
1095 1600 1239 1694 praebu-

256 1719 352 1815 itque
379 1717 439 1813 ipli
470 1717 661 1806 materiem,
689 1742 751 1788 cur
777 1714 936 1787 amicitiae
965 1717 1240 1814 constantiaeque

255 1835 366 1933 Sejani
395 1836 504 1933 magis
533 1837 662 1908 fideret.
711 1834 945 1907 Vescebantur
981 1835 1017 1907 in
1045 1836 1139 1925 villa,
1174 1837 1238 1910 cui

256 1958 470 2029 vocabulum
482 1958 506 2024 S
502 1957 656 2050 peluncae,
671 1981 764 2027 mare
782 1956 1020 2026 Amuclanum
1039 1953 1125 2027 inter
1137 1957 1165 2027 F
1166 1983 1239 2028 un-

256 2073 432 2172 danosque
450 2095 600 2164 montes,
626 2074 745 2146 nativo
764 2074 798 2145 in
820 2072 945 2169 specu:
974 2072 1045 2170 ejus
1062 2099 1115 2161 os,
1135 2075 1241 2170 lapsrs

256 2194 398 2291 repente
431 2192 531 2283 saxis,
566 2194 682 2266 obruit
717 2192 885 2289 quosdam
917 2193 1106 2267 ministros:
1150 2194 1238 2269 hinc

257 2336 370 2386 metus
399 2313 433 2383 in
456 2337 591 2401 omnes,
624 2310 763 2409 &suga
780 2338 916 2402 eorum,
947 2313 1006 2410 qui
1031 2314 1238 2390 convivium

256 2433 486 2506 celebrabant.
536 2428 675 2526 Sejanus
703 2457 809 2527 genu,
838 2434 1022 2530 vultuque,
1060 2439 1093 2506 δι
1123 2436 1237 2507 mani-

256 2554 323 2626 bus
345 2549 443 2644 super
459 2547 627 2622 Caesaretn
656 2547 845 2644 suspensus,
872 2552 1032 2648 opposuit
1060 2552 1124 2626 sese
1148 2553 1238 2628 inci·

256 2668 444 2742 dentibus:
472 2687 576 2762 atque
599 2667 718 2739 habitu
741 2669 798 2741 tali
825 2692 977 2766 repertus
1003 2671 1052 2744 est
1077 2672 1237 2744 amiliti·

257 2794 337 2876 bus,
372 2787 431 2885 qui
465 2784 611 2858 subfidio
644 2809 819 2860 venerant.
886 2789 1003 2886 Major
1031 2819 1074 2864 ex
1104 2819 1170 2878 eo;
1200 2800 1237 2869 bc

258 2933 474 3007 quamquam
496 2903 637 2978 exitiosa
660 2906 828 2996 suaderet,
855 2929 892 2980 ut
921 2936 991 2982 non
1020 2910 1069 2982 sul
1095 2913 1237 3003 anxius,

258 3055 342 3102 cum
375 3027 444 3098 side
486 3026 696 3098 audiebatur.
764 3029 1075 3126 Adsimulabatque
1102 3028 1239 3126 judicis

257 3169 371 3246 partes
400 3145 561 3216 adverslrs
595 3145 793 3217 Germanici
820 3146 972 3243 stirpem,
1003 3148 1142 3221 subditis
1173 3152 1238 3247 qui

256 3265 492 3341 accusatorum
524 3263 664 3335 nomina
691 3263 899 3354 sustinerent,
929 3269 1150 3365 maximeque
1181 3270 1238 3341 in-

257 3386 463 3460 sectarentur
495 3385 686 3472 Neronem,
720 3385 924 3479 proximum
953 3386 1159 3475 succelsroni,
1199 3394 1239 3464 ὅτ

258 3531 473 3604 quamquam
505 3503 659 3574 modestas
686 3500 846 3600 juventas,
877 3507 1083 3602 plerumque
1115 3528 1238 3581 tamen

259 3626 344 3722 quid
361 3626 396 3696 in
421 3622 673 3719 praesentiarum
690 3625 895 3696 conduceret
917 3625 1082 3711 oblitum;
1109 3627 1194 3698 dum
1216 3655 1240 3701 a

257 3745 434 3817 libertis&
454 3741 650 3831 clientibus,
676 3742 865 3837 apiscendae
886 3744 1045 3839 potentia
1064 3745 1239 3841 properis,

256 3863 506 3949 exstimulatur,
545 3867 572 3903 “
602 3882 640 3932 ut
674 3864 825 3933 ereetum
860 3867 892 3934 &
926 3865 1091 3936 fidentem
1122 3865 1235 3939 animi

259 3987 286 4026 “
303 3980 515 4060 ostenderet:
544 3981 633 4053 velle
660 3979 697 4052 id
723 3981 895 4082 populum
916 3985 1143 4061 Romanurn:
1171 4010 1239 4071 cu.
