2986 5138
494 579 807 664 Annanruu
840 579 962 652 L1n.
994 582 1040 655 II.
1207 585 1251 680 83

273 749 351 820 “ni
370 747 437 845 spe.
486 750 635 822 Classem
653 749 784 847 quippe
802 756 835 823 Sc
852 753 929 824 avia
943 754 1074 825 Oceani
1096 759 1248 850 quaefita,
1299 752 1302 759 ’

273 876 359 939 “ne
385 868 460 964 quis
486 870 704 943 venientibus
730 892 937 960 occurreret,
963 897 1006 944 ne
1033 871 1148 967 pulsos
1170 900 1248 970 pre-

202 1073 204 1077 ,
272 993 300 1028 “
314 1009 444 1059 meret:
476 985 533 1060 sed
549 990 610 1062 ubi
638 988 833 1062 miscuerint
857 1016 993 1081 manus,
1023 991 1124 1064 inane
1150 993 1248 1065 vittis

272 1111 500 1179 “ventorum
532 1133 779 1205 remorumque
808 1107 1006 1181 subsidium.
1066 1106 1247 1182 Meminis-

270 1222 384 1296 “sent
402 1224 509 1298 modb
526 1226 690 1316 avaritiae,
719 1226 940 1316 crudelitatis,
971 1223 1156 1323 superbiae:
1185 1228 1256 1322 ali-¹

270 1345 360 1414 “ud
380 1344 650 1446 srbipreliquum,
681 1347 789 1441 quim
811 1366 927 1419 tenere
952 1345 1160 1437 libertatem,
1189 1369 1248 1421 aut

270 1467 297 1502 “
311 1464 398 1535 mori
415 1485 493 1536 ante
509 1463 682 1536 servitium
696 1465 736 1536 ?'’

316 1581 413 1653 XVI.
440 1585 504 1655 Src
532 1607 728 1655 accensos
757 1588 790 1655 ὃς
818 1583 983 1679 proelium
1013 1583 1188 1680 poscentes
1206 1586 1243 1660 in

264 1723 443 1795 campum,
472 1702 528 1774 cui
554 1702 714 1797 Idistaviso
731 1727 875 1791 nomen,
902 1702 1094 1776 deducunt:
1123 1705 1151 1777 is
1168 1731 1243 1778 me·
1335 1746 1342 1757 ·

263 1819 340 1892 dius
369 1820 457 1892 inter
482 1820 661 1919 Visurgim
689 1827 721 1893 ἃ
750 1823 870 1909 colles,
911 1841 950 1892 ut
975 1821 1057 1917 ripae
1087 1823 1242 1897 fluminis

263 1940 406 2028 cedunt,
433 1960 491 2012 aut
513 1938 746 2037 prominentia
772 1939 946 2011 montium
967 1940 1131 2030 resistunt,
1157 1942 1242 2014 inae-

262 2057 409 2154 qualiter
434 2060 610 2130 sinuatur:
639 2084 732 2154 pone
761 2078 899 2156 tergum
923 2055 1119 2156 insurgebat
1144 2063 1240 2152 silva,

262 2176 362 2248 editis
380 2175 415 2248 in
437 2180 546 2249 altum
570 2177 687 2266 ramis,
715 2182 749 2249 δι
779 2180 865 2272 pura
892 2179 1003 2249 humo
1030 2177 1241 2252 inter'arbo-

262 2319 339 2366 rum
362 2315 512 2368 truncos.
563 2297 741 2392 Campum
768 2301 801 2368 δι
827 2296 940 2392 prima
962 2297 1136 2386 hlvarum,
1163 2301 1240 2371 bar-

262 2415 343 2486 bara
374 2414 464 2488 acies
497 2415 630 2487 tenuit:
669 2414 730 2487 soli
764 2411 927 2486 Cherusci
953 2415 1042 2513 juga
1070 2414 1237 2507 insedere,

259 2552 298 2604 ut
335 2533 575 2629 proeliantibus
613 2534 784 2607 Romanis
825 2531 971 2629 desuper
1013 2533 1236 2609 incurrerent.

258 2652 386 2724 Noster
419 2651 592 2725 exercitus
624 2656 668 2724 fic
710 2652 856 2725 incessit:
902 2652 1085 2725 auxiliares
1128 2654 1236 2744 Galli,

259 2771 498 2866 Germanique
519 2770 556 2841 in
579 2768 704 2842 fronte:
733 2771 810 2867 post
834 2797 922 2868 quos
945 2770 1075 2867 pedites
1100 2769 1237 2870 sagitta-

258 2888 324 2960 rii:
351 2888 432 2959 dein
458 2910 607 2984 quatuor
631 2889 798 2986 legiones,
827 2893 860 2961 δι
883 2916 965 2962 cum
990 2891 1125 2962 duabus
1150 2917 1236 2985 prae-

258 3006 352 3078 toriis
379 3007 594 3096 cohortibus,
621 3032 661 3080 ac
690 3009 826 3080 delecto
855 3008 971 3105 equite
992 3008 1126 3082 Caesar:
1155 3009 1236 3081 exin

258 3125 404 3197 totidem
437 3125 512 3197 aliae
546 3125 712 3223 legiones,
755 3132 789 3199 ἃ
822 3127 907 3201 levis
947 3149 1116 3200 armatura
1152 3154 1236 3201 cum

258 3244 377 3341 equite
409 3243 593 3342 sagittario,
633 3267 824 3344 ceteraque
858 3245 1031 3320 sociorum
1065 3234 1234 3319 cohortes.

256 3366 412 3437 Intentus
446 3361 650 3461 paratusque
682 3364 795 3453 miles,
829 3388 868 3436 ut
902 3367 988 3437 ordo
1020 3365 1167 3460 agminis
1199 3363 1234 3435 in

256 3483 366 3555 aciem
383 3482 565 3555 adsisteret.

303 3605 420 3675 XVII.
454 3605 561 3674 Vrsrs
588 3599 838 3676 Cheruscorum
871 3599 1027 3689 catervis,
1061 3626 1138 3698 quae
1172 3627 1234 3698 per

255 3721 416 3795 ferociam
450 3744 690 3819 proruperant,
734 3721 954 3794 validissimos
988 3720 1146 3817 equitum
1179 3721 1232 3794 in-

255 3865 385 3913 currere
406 3842 508 3929 latus,
534 3840 735 3913 Stertinium
764 3865 847 3912 cum
876 3839 995 3911 ceteris
1024 3839 1144 3911 turmis
1166 3840 1231 3912 cir-

255 3961 450 4059 cumgredi,
480 3981 646 4058 tergaque
670 3959 832 4034 invadere
846 3958 959 4059 jubet,
988 3958 1057 4058 ipse
1083 3959 1118 4032 in
1142 3981 1230 4034 tem·
1275 4002 1278 4005 ·

699 4080 778 4150 Gz
