2986 5138
252 575 300 662 84
443 536 1081 648 C.Conurr,rrTncrr1¹

252 765 335 837 pore
352 740 543 815 adfuturus.
586 746 721 816 Interea
739 743 1011 839 pulcherrimum
1029 742 1230 841 augurium,

252 860 477 955 ocloaquilae
505 882 619 956 petere
649 862 761 950 silvas,
797 867 830 933 &
848 861 973 933 intrare
990 859 1084 950 visae,
1118 862 1232 958 impe·

251 998 398 1050 ratorem
424 979 619 1051 advertere:
651 982 838 1068 exclamat,
872 987 899 1022 “
915 982 1021 1069 lrent,
1050 979 1231 1076 sequeren-

254 1104 282 1137 “
296 1117 350 1168 tur
367 1101 545 1169 Romanas
562 1123 656 1186 τινες,
685 1097 824 1193 propria
847 1097 1028 1195 legionum
1050 1099 1232 1170 numina.''

253 1214 362 1287 Simul
382 1215 544 1310 pedestris
561 1216 649 1288 acies
667 1214 826 1300 infertum
851 1221 884 1288 δι
903 1216 1091 1313 praemillus
1109 1240 1230 1313 eques,

254 1332 446 1428 postremos
474 1359 514 1404 ac
545 1336 648 1405 latera
674 1333 825 1429 impulit.
885 1336 1094 1432 Mirumque
1119 1334 1230 1423 dictu,

253 1454 325 1523 duo
357 1451 507 1523 hostium
541 1452 680 1548 agmina
713 1452 848 1525 diversa
880 1453 977 1551 fuga,
1018 1452 1079 1550 qui
1113 1454 1232 1525 silvam

253 1588 448 1658 tenuerant,
483 1569 519 1640 in
544 1592 673 1666 aperta,
707 1570 768 1666 qui
792 1571 925 1667 campis
950 1571 1161 1660 adstiterant,
1195 1572 1231 1642 in

164 1740 170 1749 -
254 1689 375 1760 silvam
401 1690 564 1759 ruebant:
593 1688 700 1760 medii
726 1688 813 1759 inter
839 1691 903 1760 hos
928 1688 1104 1777 Cherusci,
1134 1689 1232 1762 colli·

254 1809 319 1879 bus
337 1808 633 1879 detrudebantur:
671 1806 760 1878 inter
778 1833 865 1903 quos
889 1806 1028 1903 insignis
1053 1807 1232 1878 Arminius

255 1951 375 2013 manu,
402 1952 501 2015 voce,
536 1926 694 2012 vulnere,
729 1923 936 1997 sustentabat
960 1949 1140 2021 pugnam:
1172 1923 1226 1995 in-

255 2046 490 2139 cubueratque
518 2042 707 2140 sagittariiS,
742 2043 800 2114 illa
834 2063 1007 2139 rupturus,
1042 2042 1079 2113 ni
1110 2047 1231 2116 Rato-

252 2187 332 2234 rum
355 2161 701 2257 Vindelicorumque,
725 2166 766 2232 dc
792 2160 934 2234 Gallicae
956 2162 1112 2233 cohortes
1137 2165 1232 2258 signa

254 2279 477 2375 objecissent:
515 2278 586 2351 nisu
604 2301 721 2351 tamen
740 2280 906 2376 corporis,
935 2282 968 2349 &
992 2278 1128 2374 impetu
1150 2280 1233 2375 equi

207 2458 209 2463 Α
255 2402 412 2494 pervasit,
443 2399 571 2469 oblitus
598 2397 722 2469 faciem
751 2396 810 2470 suo
839 2422 969 2485 cruore,
1003 2420 1047 2467 ne
1076 2396 1231 2470 noscere-

255 2535 332 2587 tur:
367 2516 510 2610 quidam
545 2515 745 2609 “agnitum
772 2543 791 2588 a
817 2514 965 2588 Chaucis
992 2513 1079 2586 inter
1105 2515 1234 2591 auxilia

257 2639 463 2706 “Romana
494 2631 691 2728 agentibus,
717 2634 972 2730 emill'urnque’'
1004 2633 1232 2706 tradiderunt.

255 2751 385 2840 Virtus,
420 2750 475 2822 seu
511 2752 602 2822 fraus
635 2753 771 2840 eadem,
807 2753 1029 2848 Inguiomero
1062 2753 1233 2849 effugium

255 2870 374 2941 dedit:
403 2869 504 2941 ceteri
533 2873 651 2965 passini
674 2870 845 2942 trucidati.
898 2874 944 2941 Et
969 2870 1146 2968 plerosque
1167 2892 1234 2944 tra-

257 3014 336 3058 nare
354 2986 528 3084 Visurgim
556 3009 732 3079 couantes,
768 2987 889 3084 injeda
912 2991 981 3060 tela
1003 3010 1061 3061 aut
1089 2991 1141 3062 vis
1168 2994 1234 3063 flu·

257 3106 373 3193 minis,
409 3108 582 3200 postremo
617 3108 725 3177 moles
757 3105 945 3194 ruentium,
980 3111 1012 3178 δι
1047 3106 1236 3182 incidentes

256 3225 355 3319 ripae,
383 3226 557 3319 operudre.
609 3225 763 3320 Qidam
798 3224 891 3319 turpi
924 3225 1008 3322 fugai
1036 3226 1071 3296 in
1099 3227 1236 3300 summa

256 3347 417 3416 arborum
452 3343 526 3431 nil,
558 3341 727 3438 ramisque
760 3343 793 3415 se
822 3346 1048 3434 occultantes,
1084 3347 1233 3417 admotis

256 3461 435 3559 sagittariis
463 3488 522 3557 per
552 3461 741 3533 ludibrium
776 3463 996 3557 figebantur:
1034 3464 1116 3534 alios
1153 3492 1233 3560 pro-

257 3603 342 3650 rutae
365 3585 503 3652 arbores
526 3580 704 3652 adflixere.
754 3582 891 3676 Magna
917 3606 956 3651 ea
984 3580 1142 3670 ridoria,
1172 3608 1233 3654 nc-

257 3725 326 3793 que
344 3720 485 3770 cruenta
503 3699 602 3769 nobis
620 3697 695 3768 fuit.

306 3819 439 3888 XVlll.
471 3822 638 3912 Quum
662 3821 706 3888 ab
729 3820 812 3889 hora
834 3816 902 3888 diei
928 3819 972 3888 ad
995 3819 1133 3889 nodem
1159 3824 1233 3891 caeli

258 3935 383 4023 hostes,
418 3937 541 4007 decern
567 3933 675 4007 millia
699 3938 857 4030 pall'uum
879 3935 1106 4009 cadaveribus
1129 3958 1234 4034 atque
