2986 5138
257 562 303 632 80
473 556 819 632 C.Conura11
853 558 1048 634 Taetrr

255 729 292 802 in
323 728 497 826 planitiem
525 729 664 805 saltibus
680 731 935 827 circumjeclarn
952 734 1112 806 traxbre:
1137 732 1219 808 dein

254 847 378 937 coorti,
408 853 441 919 ἃ
459 849 614 945 undique
629 852 723 924 effufi
740 854 884 924 trudunt
896 851 1066 940 adversos,
1095 851 1222 926 instant

254 966 468 1056 cedentibus,
493 968 720 1065 colledosque
737 969 772 1041 in
789 973 924 1059 orbem,
943 997 1020 1067 pars
1036 975 1218 1069 congressi,

254 1085 396 1181 quidam
412 1086 546 1158 eminus
564 1090 776 1182 proturbant.
825 1089 1042 1177 Catiovalda,
1062 1090 1124 1162 diu
1151 1090 1218 1164 sus-

255 1209 381 1276 tentatas
401 1205 551 1277 hostium
583 1203 721 1294 saevitia,
750 1208 907 1280 hortatus
930 1206 1006 1280 suos
1030 1228 1070 1280 ut
1098 1209 1217 1307 ingru-

253 1344 347 1396 entes
359 1344 509 1396 catervas
527 1326 633 1421 globo
649 1323 855 1421 frangerent,
876 1346 980 1423 atque
996 1326 1065 1422 ipse
1081 1328 1116 1400 in
1132 1331 1218 1401 den-

253 1446 390 1515 srffimos
407 1443 619 1538 inrumpens,
638 1443 809 1540 congestis
824 1443 898 1515 telis
923 1450 956 1516 δι
970 1443 1107 1518 suffosso
1127 1471 1220 1543 equo

254 1561 392 1650 labitur,
405 1588 444 1634 ac
458 1561 557 1633 multi
571 1560 740 1634 nobilium
757 1561 849 1634 circa
866 1590 875 1633 ε
905 1584 1034 1636 ceteros
1061 1564 1113 1636 vis
1146 1564 1218 1655 sua,

253 1702 311 1752 aut
327 1681 458 1776 equites
468 1706 549 1753 cum
561 1679 721 1753 Stertinio
734 1680 952 1778 AEmilioque
963 1681 1216 1773 subvenientes,

253 1798 402 1896 periculo
424 1801 595 1871 exemsre.

310 1921 391 1991 XII.
423 1919 562 1991 Cacsar
606 1917 821 2017 transgressus
854 1918 1040 2017 Visurgim,
1085 1919 1215 1992 indicio

254 2036 409 2136 perfuga
441 2036 631 2135 cognoscit,
671 2040 885 2111 “delectum
907 2041 951 2111 ab
971 2037 1130 2111 Arminio
1162 2041 1214 2112 lo-

255 2167 377 2230 “cum
407 2184 556 2254 pugnae3
599 2156 855 2231 convenisse&
887 2157 967 2231 alias
988 2156 1141 2230 nationes
1179 2159 1216 2231 in

255 2279 414 2349 “silvam
443 2276 591 2350 Herculi
618 2274 756 2364 sacram,
783 2274 985 2371 ausurosque
1011 2277 1216 2350 nosturnam

255 2403 283 2438 “
296 2396 481 2468 castrorum
494 2395 831 2491 oppugnationem.''
846 2394 978 2467 Habita
993 2393 1099 2467 indici
1113 2397 1214 2486 fides,

253 2518 288 2586 δι
316 2516 541 2586 cernebantur
568 2512 687 2609 ignes3
725 2512 957 2612 suggressique
981 2513 1120 2610 propibs
1141 2512 1216 2610 spe-

253 2634 420 2707 culatores
446 2639 471 2673 “
483 2630 593 2703 audiri
624 2631 800 2704 fremitum
834 2655 1016 2728 equorum,
1042 2629 1215 2706 immensi-

254 2760 282 2795 “
301 2777 370 2848 que
399 2757 431 2823 &
464 2750 629 2822 inconditi
658 2750 807 2848 agminis
840 2751 1023 2822 murmur'’
1061 2753 1216 2825 attulere.

252 2870 362 2968 Igitur
389 2870 583 2966 propinquo
612 2868 753 2942 summae
780 2868 828 2941 rei
856 2868 1063 2958 discrimine,
1094 2873 1217 2967 explo-

252 2991 374 3062 randos
391 2989 542 3060 militum
558 2989 692 3061 animos
709 3009 810 3076 ratus,
823 3015 974 3084 quonam
991 2989 1026 3060 id
1039 2990 1146 3061 modo
1163 2990 1216 3063 in-

253 3130 452 3204 corruptum
475 3109 575 3196 foret,
603 3107 717 3180 secum
734 3107 909 3203 agitabat:
939 3106 1157 3180 “Tribunos
1181 3115 1215 3182 &

255 3227 510 3300 “centuriones
529 3229 605 3299 laeta
626 3227 760 3323 saepibs,
784 3226 890 3321 quam
912 3247 1087 3321 comperta
1100 3227 1215 3298 nunti·

255 3356 281 3391 “
296 3374 374 3431 are3
399 3347 600 3419 libertorum
627 3345 758 3418 servilia
784 3344 944 3441 ingenia;
969 3344 1087 3416 amicis
1113 3344 1217 3418 ineffe

254 3467 549 3539 “adulationem:
582 3471 604 3538 sr
631 3465 753 3538 concio
782 3486 936 3552 vocetur,
964 3463 1032 3536 illic
1060 3490 1214 3561 quoque,

255 3595 282 3630 “
297 3613 373 3683 quae
391 3586 491 3682 pauci
509 3585 683 3682 incipiant,
707 3583 859 3680 reliquos
881 3583 1093 3678 adstrepere:
1118 3583 1216 3678 peni-

254 3714 280 3748 “
295 3727 349 3777 tus
371 3702 555 3776 noscendas
577 3724 720 3791 mentes,
748 3705 829 3774 ciam
852 3700 967 3774 secreti
999 3705 1032 3771 δι
1064 3700 1215 3774 incusto-

254 3831 280 3865 “
295 3823 371 3909 diti,
395 3821 480 3893 inter
492 3822 655 3896 militares
678 3820 788 3911 cibos,
810 3819 904 3920 spem
916 3841 973 3895 aut
989 3841 1121 3893 metum
1135 3846 1216 3917 pro·

255 3947 281 3984 “
295 3939 452 4013 ferrent.’'
