2986 5138
478 549 772 621 Annnrrnn
814 548 922 618 Lrn.
956 546 1001 617 V.
1162 549 1231 642 269

256 720 376 814 noscit,
401 719 553 796 solertiiis
581 722 841 820 interrogatum,
873 719 1075 817 “quisnam
1104 719 1231 812 foret,'’

257 844 394 933 dixisse,
423 849 450 884 “
470 845 527 915 M.
555 842 669 914 Silano
699 841 896 938 genitum,’'
926 844 960 913 &
990 839 1106 913 multis
1130 841 1232 914 secta-

255 984 375 1034 torum
401 961 551 1059 dilapfis,
585 959 768 1033 ascendiss'e
794 983 933 1047 navem,
960 978 1139 1055 tamquam
1165 961 1233 1031 lta·

258 1081 342 1154 liam
375 1101 527 1177 peteret:
569 1078 764 1176 scripsitque
797 1081 872 1151 haec
904 1076 1074 1150 Tiberio:
1118 1103 1233 1175 neque

259 1228 322 1275 nos
347 1199 520 1298 originem
537 1201 689 1271 finemve
706 1195 778 1294 ejus
794 1195 844 1269 rei
865 1197 957 1269 ultrir
974 1196 1221 1292 comperimus.

308 1323 372 1394 Xl.
400 1322 530 1392 Exrru
557 1317 652 1406 anni,
673 1317 735 1390 diu
752 1319 853 1389 aneia
869 1314 1037 1388 discordia
1053 1314 1233 1389 consulum

260 1439 394 1536 erupit:
421 1463 503 1511 nam
530 1436 632 1525 Trio,
659 1434 768 1509 facilis
796 1434 1006 1531 capessendis
1033 1433 1233 1525 inimicitiis,

262 1565 296 1632 ὃς
316 1557 391 1630 foro
413 1554 596 1644 exercitus,
625 1561 651 1597 “
670 1574 708 1626 ut
730 1552 870 1652 segnem
892 1554 1075 1651 Regulum
1099 1554 1143 1625 ad
1168 1581 1233 1651 op-

262 1686 290 1722 “
310 1677 510 1776 primendos
525 1671 637 1769 Sejani
661 1672 857 1746 ministros’'
882 1672 1024 1768 oblique
1049 1671 1234 1769 perstrinx-

262 1804 289 1840 “
308 1817 396 1869 erat:
425 1794 496 1884 ille,
524 1793 585 1865 nis1
614 1793 836 1879 lacesseretur,
867 1789 1042 1863 modestiae
1071 1790 1232 1883 retinens,

260 1942 332 1990 non
349 1913 456 1987 modi)
472 1911 596 1985 retudit
615 1911 800 2007 collegam,
818 1909 875 1982 sed
893 1916 920 1951 “
938 1930 974 1980 ut
988 1908 1133 1982 noxium
1149 1937 1233 1984 con·

262 2041 290 2079 “
302 2031 507 2132 jurationis''
529 2032 575 2103 ad
590 2027 859 2125 disquifitionem
876 2029 1043 2100 trahebat.
1091 2028 1233 2102 Multis·

262 2181 332 2254 que
349 2173 488 2249 patmm
504 2148 693 2237 orantibus,
725 2153 753 2190 “
772 2166 940 2244 ponerent
959 2145 1041 2217 odia
1067 2143 1102 2217 in
1119 2149 1232 2244 perni-

263 2282 290 2319 “
309 2273 398 2347 ciem
415 2269 540 2357 itura,''
564 2267 722 2338 mansere
738 2264 857 2340 infensi
874 2291 914 2340 ac
930 2263 1138 2357 minitantes,
1168 2269 1231 2342 do·

258 2419 324 2470 nec
348 2389 543 2489 magistratu
565 2383 710 2458 abirent.
