2940 5146
330 583 403 658 294
522 553 1110 628 C.Conuaa11Tncrrr

328 727 547 802 sustentatam
565 727 747 825 provixisse
763 752 853 817 reor,
872 731 921 816 dt,
951 726 1138 823 postquam
1158 722 1256 799 nihil
1271 727 1321 800 de

330 846 457 921 saevitid
484 847 732 935 remittebatur,
771 848 949 918 voluntate
975 844 1213 918 exstinetam:
1250 847 1318 919 nisi

331 973 369 1056 sr,
399 967 532 1066 negatis
560 965 744 1055 alimentis,
775 966 995 1039 adsimulatus
1023 963 1072 1035 est
1102 962 1199 1055 finis,
1250 965 1317 1062 qui

331 1086 507 1159 videretur
534 1085 655 1183 sponte
678 1085 845 1180 sumptus.
908 1080 1099 1155 Enimvero
1129 1081 1315 1157 Tiberius

330 1204 519 1278 foedissrmis
547 1202 845 1278 criminationibus
872 1206 1006 1291 exarsit,
1042 1208 1071 1243 “
1085 1201 1315 1298 impudiciti-

332 1331 361 1367 “
378 1328 459 1397 am'’
493 1349 652 1422 arguens,
691 1329 719 1366 “
735 1327 768 1395 δι
799 1321 958 1394 Asinium
987 1320 1130 1393 Gallum
1165 1323 1312 1396 adulte·

331 1449 362 1487 “
381 1467 471 1532 mm,
502 1440 639 1540 ejusque
665 1461 777 1514 morte
805 1441 850 1514 ad
871 1439 1014 1514 taedium
1032 1438 1112 1510 vitae
1136 1442 1311 1538 compul-

331 1569 359 1605 “
375 1560 481 1633 snm.”
529 1561 596 1633 Sed
614 1560 827 1659 Agrippina,
855 1559 946 1657 aequi
963 1556 1158 1654 impatiens,
1184 1560 1310 1636 domi-

328 1679 435 1753 nandi
451 1679 566 1769 avida,
583 1679 740 1753 virilibus
755 1678 859 1769 curis,
884 1676 1088 1751 seminarum
1105 1676 1192 1750 vitia
1211 1702 1307 1752 exu-

328 1817 409 1872 erat.
460 1806 489 1841 “
504 1799 640 1871 Eodem
664 1798 721 1871 die
737 1798 952 1888 defunctam,
971 1822 1043 1895 quo
1060 1795 1204 1870 biennio
1218 1798 1308 1873 ante

260 1900 265 1906 ¹
330 1914 517 2015 “Sejanus
539 1941 659 2013 poenas
676 1917 799 2008 luisset,
825 1916 1071 2014 memoriaeque
1089 1915 1126 1988 id
1144 1916 1306 2011 proden-

328 2044 357 2082 “
376 2037 485 2111 dum''
511 2037 643 2110 addidit
668 2036 804 2110 Caesar:
836 2033 1042 2132 jadiavitque
1067 2041 1095 2077 “
1110 2033 1209 2132 quod
1225 2062 1305 2110 non

329 2164 358 2202 “
375 2158 500 2254 laqueo
518 2156 737 2254 strangulata,
764 2179 879 2252 neque
893 2154 929 2226 in
945 2152 1131 2227 Gemonias
1148 2152 1306 2252 projesta

328 2282 358 2318 “
374 2272 497 2347 foret.'’
546 2275 646 2347 Asiae
673 2277 721 2348 ob
745 2275 782 2348 id
801 2292 926 2372 grates,
948 2274 1198 2371 decretumque
1219 2283 1305 2352 “ut

327 2400 356 2439 “
374 2393 712 2491 quintumdecimum
737 2392 910 2465 Kalendas
928 2391 1152 2483 Novembris,
1170 2394 1302 2469 utrius-

326 2518 354 2554 “
373 2537 444 2608 que
466 2509 557 2583 necis
581 2509 652 2601 die,
678 2535 740 2606 per
763 2536 885 2583 omnes
909 2536 1029 2604 annos,
1054 2512 1189 2592 donum
1212 2517 1300 2610 Jovi

324 2636 353 2673 “
370 2628 587 2702 sacraretur.'’

373 2749 508 2822 XXVI.
535 2749 660 2819 Hnun
700 2748 813 2820 musto
860 2748 936 2847 post
968 2750 1132 2825 Cocceius
1157 2754 1298 2846 Nerva,

325 2868 508 2941 continuus
525 2867 706 2963 Principis,
738 2868 851 2943 omnis
872 2870 982 2942 divini
1008 2873 1222 2969 humanique
1236 2874 1298 2972 ju-

324 2986 367 3060 ris
389 2985 507 3074 sciens,
534 2986 672 3083 integro
685 2987 786 3076 statu,
812 3014 957 3083 corpore
970 2989 1097 3080 inlaeso,
1122 2993 1298 3071 moriendi

324 3106 503 3179 confilium
520 3106 623 3201 cepit.
675 3109 783 3202 Qiod
800 3127 838 3178 ut
855 3107 1000 3181 Tiberio
1016 3109 1212 3207 cognitum,
1232 3115 1295 3186 ad·

324 3227 442 3312 sidere,
462 3223 574 3298 causas
593 3225 777 3321 requirere,
808 3227 934 3300 addere
962 3254 1091 3324 preces,
1116 3227 1209 3302 fateri
1229 3257 1294 3327 po-

322 3344 449 3417 stremo
475 3350 619 3439 “grave
651 3342 880 3435 conscientiae,
907 3373 1013 3444 grave
1037 3346 1137 3419 famae
1161 3346 1244 3437 suae,
1271 3355 1294 3424 st

324 3471 352 3510 “
371 3463 548 3560 proximus
567 3461 771 3551 amicorum,
784 3465 886 3536 nullis
900 3466 1068 3539 moriendi
1087 3465 1292 3561 rationibus,

322 3589 350 3625 “
370 3582 479 3653 vitam
513 3579 691 3677 fugeret:”
730 3581 897 3656 aversatus
934 3583 1128 3657 sermonem
1156 3586 1293 3678 Nerva,

320 3699 560 3776 abstinentiam
587 3700 656 3774 cibi
678 3700 865 3798 conjunxit.
917 3705 1084 3776 Ferebant
1111 3703 1206 3798 gnari
1228 3729 1291 3776 co·

322 3821 528 3920 gitationum
546 3818 628 3917 ejus,
656 3821 787 3916 quantd
811 3822 955 3919 propius
983 3823 1074 3895 mala
1091 3819 1292 3917 reipublicae
1322 3901 1328 3910 ,

320 3939 454 4053 viseret,
477 3939 538 4030 ira,
569 3943 732 4034 darneto,
761 3941 848 4023 dum
864 3941 1010 4045 integer,
1038 3941 1124 4017 dum
1140 3940 1291 4022 intenta-
