2986 5138
336 555 401 648 176
523 549 565 620 C;
598 543 1125 620 Conuaa11TActr1·

331 721 392 794 tris
419 728 451 795 δι
482 748 599 819 ganeae
630 742 779 818 paratus,
808 721 955 793 adfiduis
983 719 1195 792 sermonibus
1222 717 1304 792 vul›

333 840 418 937 gati,
450 839 597 912 fecerant
615 867 747 929 curam,
781 865 824 913 ne
841 840 1007 934 Princeps
1024 838 1173 934 antiqua
1190 839 1302 934 parci-

330 959 472 1047 monia,
501 959 617 1031 durius
649 961 851 1031 adverteret.
917 959 1012 1030 Nam
1046 957 1228 1052 incipiente
1256 959 1302 1030 Ca

331 1078 468 1167 Bibulo,
487 1078 588 1150 ceteri
607 1103 746 1174 quoque
763 1077 878 1149 aediles
895 1076 1128 1161 disserueram,
1148 1074 1301 1171 “sperni

332 1195 621 1293 “sumptuariam
648 1197 778 1293 legem,
804 1194 978 1289 vetitaque
1005 1193 1200 1265 utenfilium
1224 1219 1301 1289 pre·

332 1315 426 1388 “tia
453 1315 571 1412 augeri
598 1314 633 1385 in
665 1314 756 1386 dies:
784 1338 848 1383 nec
880 1312 1111 1384 mediocribus
1139 1312 1302 1384 remediis

332 1440 360 1476 “
379 1433 443 1505 sisti
477 1435 568 1529 polle
585 1435 620 1503 :''
661 1437 694 1504 ἃ
733 1429 877 1504 consulti
908 1451 1030 1525 patres,
1061 1429 1235 1527 integrum
1263 1431 1301 1503 id

331 1551 512 1648 negotium
537 1552 581 1622 ad
598 1551 793 1647 Principem
811 1549 1021 1621 distulerant.
1070 1550 1137 1620 Sed
1161 1549 1300 1621 Tiberi-

331 1696 386 1758 us,
413 1667 500 1765 saepe
516 1670 609 1765 apud
625 1667 658 1741 se
687 1672 867 1766 pensrtato,
892 1693 937 1739 an
962 1667 1112 1740 coerceri
1125 1686 1197 1739 tam
1216 1693 1299 1763 pro-

331 1787 412 1861 fusae
431 1787 609 1883 cupidines
628 1789 783 1884 pollent3
802 1813 887 1859 num
905 1786 1066 1858 co'ercitio
1084 1787 1161 1881 plus
1178 1786 1302 1858 damni

332 1906 368 1979 in
394 1906 645 2001 rempublicam
673 1905 799 1990 ferret3
829 1907 934 2003 quam
951 1905 1153 1977 indecorum
1169 1904 1301 1978 adtrec-

332 2045 403 2098 tare
427 2027 523 2123 quod
549 2051 619 2098 non
637 2024 828 2108 obtineret3
855 2024 910 2095 vel
939 2044 1125 2112 retentum,
1149 2023 1301 2120 ignomi-

332 2145 426 2217 niam
455 2149 488 2216 &
517 2143 697 2217 infamiam
722 2143 876 2216 virorum
900 2142 1092 2215 inlustrium
1122 2139 1299 2237 posceret:

334 2262 509 2359 postremo
538 2261 648 2334 literas
677 2263 721 2333 ad
751 2261 903 2334 senatum
920 2259 1127 2357 composuit,
1153 2287 1302 2358 quarum

334 2382 496 2454 sententia
514 2380 549 2452 in
567 2382 659 2453 hunc
677 2381 823 2453 modum
840 2381 915 2453 suit.

266 2480 272 2493 ¹
382 2502 479 2573 Llll.
505 2505 532 2539 “
550 2499 726 2571 Carnnrs
740 2497 876 2572 forsitan
894 2500 929 2571 in
952 2504 1065 2590 rebus,
1085 2521 1196 2597 patres
1212 2525 1297 2573 con-

334 2625 362 2660 “
379 2616 505 2712 scripti,
527 2616 638 2713 magis
663 2617 823 2713 expediat
858 2643 916 2689 me
942 2645 1059 2691 coram
1081 2619 1298 2716 interrogari,

336 2744 362 2778 “
382 2741 415 2809 ὅ(
438 2735 551 2808 dicere
589 2735 674 2831 quid
702 2761 720 2807 e
751 2736 926 2831 republica
953 2735 1130 2809 censeam:
1163 2738 1199 2810 in
1233 2740 1300 2810 hac

335 2863 361 2897 “
382 2855 554 2944 relatione,
585 2853 732 2927 subtrahi
761 2857 878 2926 oculos
903 2881 998 2927 meos
1016 2856 1135 2927 melius
1153 2853 1229 2946 fuit,
1256 2883 1301 2929 ne

335 2982 361 3015 “
381 2973 624 3045 denotantibus
649 2974 748 3045 vobis
765 3000 837 3062 ora,
865 3001 903 3046 ac
922 2997 1054 3046 metum
1069 2978 1299 3072 fingulorum,

333 3093 439 3188 “qui
476 3092 628 3187 pudendi
670 3094 771 3163 luxus
804 3115 1041 3189 arguerentur,
1093 3093 1160 3188 ipse
1193 3094 1298 3167 etiam

334 3218 360 3252 “
380 3211 534 3282 viderem
552 3237 621 3298 eos,
645 3237 684 3282 ac
708 3212 802 3281 velut
820 3214 1125 3306 deprehenderem.
1154 3213 1299 3310 Qibdsr

334 3338 362 3372 “
381 3357 521 3402 mecum
538 3330 616 3402 ante
630 3329 692 3400 viri
711 3329 847 3418 strenui,
873 3331 1002 3419 aediles,
1038 3331 1216 3402 consilium
1239 3335 1300 3403 ha-

334 3458 361 3492 “
381 3450 548 3534 buiffent;
585 3447 696 3519 nescio
729 3474 772 3519 an
800 3447 950 3521 suasunrs
984 3448 1107 3521 fuerim
1140 3450 1300 3522 omittere

339 3576 367 3609 “
386 3569 498 3663 potius
522 3567 708 3664 praevalida
741 3571 774 3638 ὅ(
810 3568 926 3638 adulta
959 3567 1056 3657 vitia,
1097 3571 1203 3664 quam
1237 3572 1305 3642 hoc

335 3693 361 3727 “
380 3685 534 3779 adsequi,
569 3706 606 3755 ut
631 3687 745 3780 palam
774 3687 882 3775 fieret,
916 3687 1039 3782 quibus
1073 3687 1210 3783 flagitiis
1233 3687 1300 3758 im-

335 3812 476 3900 “pares
505 3805 673 3875 essemus:
708 3802 765 3874 sed
800 3805 848 3875 illi
888 3805 1029 3902 quidem
1054 3804 1168 3876 officio
1190 3803 1300 3877 sundli

336 3929 362 3963 “
381 3919 469 4011 sunt,
491 3942 528 3993 ut
549 3942 678 3995 ceteros
698 3948 837 4019 quoque
857 3924 1074 4022 magistratus
1101 3923 1159 3998 sua
1183 3923 1302 3997 munia
1400 3899 1407 3915 ⁸
