2986 5138
409 606 715 677 Annnnrnnr
747 606 921 677 [ιι-Ι.
1121 627 1162 702 17

188 775 382 864 laularetur,
404 798 445 847 ea
462 773 573 865 causa,
599 775 696 872 quod
724 776 918 873 designatus
935 772 1053 848 consol
1069 776 1163 848 Dru·

191 894 261 982 sus,
286 891 497 991 praesensque
513 914 595 967 erat.
654 895 866 967 Candidatos
892 915 1044 990 praeturae
1077 895 1165 966 duo-

189 1013 306 1087 decim
349 1013 556 1104 nominavit,
591 1039 776 1087 numerum
804 1017 850 1085 ab
877 1014 1036 1110 Augusto
1060 1014 1163 1088 tradi-

188 1154 293 1207 tum:
328 1136 362 1205 δι
391 1134 548 1205 honante
564 1133 680 1207 senatu
707 1154 746 1206 ut
774 1151 928 1230 augeret,
946 1131 1168 1231 jurejurando

190 1251 387 1341 obstrinxit,
407 1250 441 1324 se
456 1279 528 1325 non
540 1256 768 1327 excell'urum.

242 1374 323 1444 XV.
347 1374 444 1444 Tun
463 1397 624 1446 rnrnronr
657 1399 676 1447 e
697 1399 823 1471 campo
839 1372 980 1446 comitia
996 1373 1041 1445 ad
1059 1392 1169 1469 patres

192 1493 353 1564 transsata
368 1490 454 1564 sunt.
472 1494 569 1565 Nam
585 1495 629 1566 ad
646 1517 723 1567 eam
735 1493 844 1582 diem,
862 1496 920 1565 etli
933 1493 1101 1589 potiffinra
1115 1519 1168 1565 ar·

196 1609 297 1682 bitrio
324 1610 505 1709 Principis,
538 1615 699 1710 quaedam
727 1634 845 1686 tamen
872 1611 989 1686 studiis
1016 1612 1169 1686 tribuum

195 1732 347 1802 fiebant:
373 1756 486 1828 neque
503 1735 652 1828 populns
668 1713 870 1829 ademptum
880 1729 937 1830 jus
953 1731 1089 1829 questus
1105 1731 1167 1822 est,

194 1848 254 1921 nisi
272 1849 364 1921 inani
380 1875 539 1925 rumore:
567 1850 750 1924 &senatus
767 1851 1003 1949 largitionibus
1026 1877 1067 1923 ae
1093 1877 1169 1948 pre-

194 1968 291 2041 cibus
307 1967 450 2042 sordidis
466 1969 656 2060 exsolutus,
690 1971 799 2043 libens
815 1970 937 2060 tenuit,
971 1971 1171 2044 moderante

197 2087 353 2178 Tiberio,
377 2114 421 2162 ne
438 2081 551 2185 plnres
568 2092 676 2188 quim
693 2111 841 2188 quatuor
852 2089 1052 2162 eandidaros
1074 2114 1171 2162 corn·

195 2208 385 2297 mendaret,
431 2211 500 2282 line
531 2213 664 2307 repulsa
696 2216 729 2283 ὃς
764 2210 897 2283 ambitu
928 2209 1169 2304 designandos.

196 2327 288 2399 Inter
303 2349 381 2424 quae
398 2328 526 2401 tribuni
538 2330 664 2426 plebeii
677 2329 839 2427 petivere,
858 2348 896 2401 ut
921 2326 1057 2425 proprio
1079 2325 1171 2399 surn-

196 2467 259 2542 μυ
275 2448 412 2520 ederent
429 2448 544 2538 ludos,
577 2449 637 2546 qui
661 2451 707 2521 de
723 2447 864 2520 nomine
890 2445 1051 2545 Augusti,
1081 2445 1172 2520 fastis

197 2566 320 2656 additi,
339 2567 545 2666 Augustales
562 2588 784 2641 vocarentur:
803 2566 862 2640 sed
878 2567 1012 2639 decreta
1029 2565 1174 2665 pecunia

195 2710 243 2757 ex
259 2685 389 2777 aerario,
421 2707 530 2784 utque
547 2713 606 2784 per
621 2687 761 2760 Circum
777 2684 975 2782 triumphali
992 2685 1082 2757 veste
1098 2703 1173 2756 ute·

197 2824 312 2879 rentur
327 2833 337 2878 :
356 2830 456 2879 curm
465 2805 547 2878 vehi
559 2806 652 2880 haud
665 2806 872 2903 permissum.
886 2807 979 2900 Mox
992 2803 1174 2876 celebratio

198 2948 312 2997 annua
327 2927 372 2998 ad
390 2946 568 3022 praetorem
583 2927 753 3014 transsata,
780 2924 836 2997 cui
852 2923 938 2996 inter
954 2922 1046 2994 cives
1064 2927 1097 2995 δι
1115 2948 1175 3019 pe-

200 3043 549 3143 regrinosjurisdidio
566 3043 738 3118 eveniffet.

251 3166 347 3236 XVI.
377 3167 459 3237 Hrc
485 3189 623 3238 RERUM
640 3167 848 3237 urbanarum
864 3163 968 3236 status
983 3181 1067 3251 erat,
1096 3161 1177 3233 clim

202 3282 415 3356 Pannonicas
448 3284 601 3380 legiones
628 3282 748 3356 seditio
777 3283 929 3356 incessit:
951 3283 1053 3354 nullis
1081 3278 1179 3352 novis

201 3405 322 3490 causis,
351 3402 411 3476 nisi
428 3403 523 3501 qubd
551 3423 702 3476 mutatus
719 3402 880 3498 Princeps
910 3399 1084 3473 licentiam
1110 3418 1180 3467 tur·
1217 3402 1220 3409 '

148 3597 150 3601 ,
203 3522 340 3610 barum,
357 3526 392 3593 lle
410 3548 454 3594 ex
471 3522 563 3595 civili
592 3525 684 3597 bello
701 3521 796 3619 spem
822 3518 1041 3616 praemiorum
1070 3515 1180 3587 osten-

201 3639 320 3712 debat.
327 3640 449 3713 Castris
462 3641 582 3714 aestivis
599 3662 665 3714 tres
678 3642 775 3713 fimul
789 3639 942 3739 legiones
955 3637 1182 3722 habebantur,

206 3759 402 3853 praesrdente
419 3761 525 3855 junio
540 3758 669 3833 BIaeso:
689 3757 750 3857 qui
767 3761 837 3830 fine
871 3753 1033 3853 Augusti,
1068 3759 1102 3827 ἃ
1120 3751 1184 3825 ini·

206 3875 260 3947 tiis
275 3876 407 3950 Tiberii
434 3879 572 3968 auditis,
591 3881 638 3952 ob
660 3877 828 3976 justitium
846 3896 903 3949 aut
921 3873 1103 3974 gaudium,
1134 3872 1185 3944 in-

205 3994 389 4072 termiserat
401 3996 497 4073 solita
507 3998 635 4073 munia.
655 4001 710 4070 Eo
731 3995 898 4094 principio
911 3993 1060 4068 lascivire
1073 3992 1185 4082 miles,
