2986 5138
465 562 768 632 A.NNAL1UM
799 557 911 629 Lrn.
947 558 1010 630 VI.
1157 586 1227 661 309

257 733 433 822 bentibus,
463 733 590 806 Surena
625 730 737 828 patrio
770 755 867 803 more
894 730 1075 804 Tiridaten
1109 731 1231 832 infigni

257 853 355 951 regio
367 852 512 926 evinxit.

306 974 442 1046 XLIII.
469 977 527 1045 Ac
547 997 579 1046 s1
602 987 751 1043 srnrtu'
770 969 940 1060 interiora,
960 969 1153 1069 ceterasque
1169 999 1231 1046 na·

256 1090 367 1165 tiones
392 1089 573 1187 petivisset,
599 1092 757 1186 oppressa
782 1089 1020 1163 cunslantium
1043 1090 1231 1183 dubitatio,

258 1215 293 1286 δι
320 1235 442 1284 omnes
475 1209 512 1281 in
538 1235 648 1282 unum
678 1210 872 1282 cedebant:
899 1210 1087 1282 adsidendo
1113 1211 1231 1284 castel-

255 1332 345 1421 lum,
364 1330 400 1402 in
418 1329 514 1426 quod
533 1327 762 1424 pecuniam&
781 1328 919 1425 pellices
936 1332 1132 1403 Artabanus
1148 1357 1232 1407 con·

254 1451 391 1541 tulerat,
407 1447 505 1521 dedit
519 1447 666 1544 spatium
684 1447 834 1524 exuendi
852 1451 963 1546 pacla.
1011 1451 1109 1522 Nam
1126 1452 1234 1522 Phra-

255 1590 341 1658 ates,
368 1572 401 1642 &
430 1568 557 1657 Hier0,
588 1573 621 1640 ἃ
649 1573 671 1642 fi
697 1570 758 1666 qui
776 1568 832 1641 alii
861 1571 1036 1642 deledlum
1064 1569 1235 1666 capiendo

185 1756 188 1761 .
256 1686 445 1762 diademati
466 1687 560 1760 diem
576 1689 670 1761 haud
688 1691 1028 1780 concelebraverant,
1058 1714 1135 1784 pars
1160 1715 1233 1765 me·

256 1825 309 1896 tu,
338 1805 483 1904 quidam
512 1805 642 1880 invidis:
662 1807 697 1880 in
717 1806 939 1905 Abdagesen,
970 1808 1029 1904 qui
1048 1828 1123 1881 turn
1141 1812 1231 1900 auld,

259 1929 293 1998 δι
311 1952 406 1999 novo
431 1951 513 2025 rege
538 1927 747 2022 potiebatur,
774 1928 819 2000 ad
848 1927 1064 2000 Artabanum
1089 1931 1232 2003 vertere.

258 2042 359 2142 Isque
375 2044 411 2117 in
428 2046 603 2141 Hyrcanis
622 2068 775 2142 repertus
792 2045 855 2134 est,
873 2045 1004 2118 inluvie
1027 2049 1171 2137 obsitus,
1197 2054 1233 2122 δε

258 2165 423 2239 alimenta
455 2192 536 2240 arcu
563 2165 773 2262 expediens:
810 2190 849 2237 ac
883 2162 1009 2259 primi),
1050 2184 1233 2261 tamquam

258 2286 359 2359 dolus
378 2306 565 2382 pararetur,
584 2285 741 2370 territus3
758 2282 821 2356 ubi
836 2284 918 2355 data
929 2283 1015 2356 sides
1041 2290 1068 2325 “
1087 2284 1234 2357 redden-

257 2410 285 2449 “
303 2405 359 2478 dae
376 2404 606 2478 dominationi
622 2404 789 2492 veniffe,”
806 2403 988 2475 adlevatur
1003 2403 1174 2494 animum,
1199 2412 1233 2481 δι

258 2530 286 2569 “
304 2551 383 2621 quae
399 2525 577 2621 repentina
592 2522 761 2598 mutatio''
788 2521 952 2621 exquirit.
1001 2523 1099 2596 Tum
1117 2525 1233 2601 Hiero

258 2641 491 2737 “pueritiam
515 2640 706 2714 Tiridatis’'
730 2642 911 2738 increpat:
939 2649 1099 2740 “neque
1129 2670 1233 2741 penes

260 2758 496 2833 “Arsaciden
526 2758 725 2855 imperium,
756 2759 813 2833 sed
838 2760 939 2834 inane
975 2788 1106 2836 nomen
1139 2769 1234 2863 apud

260 2878 486 2953 “imbellem
519 2881 660 2955 externa
688 2879 847 2970 mollitia,
875 2880 949 2954 vim
979 2880 1016 2953 in
1042 2884 1234 2984 Abdagesrs

260 3008 290 3044 “
307 3001 453 3073 domo.”

306 3121 439 3194 XLIV.
458 3120 603 3207 Snvstr
621 3137 719 3192 vetus
736 3119 916 3218 regnandi,
933 3115 1032 3193 falsos
1047 3118 1082 3192 in
1099 3145 1233 3212 amore,

259 3239 339 3317 odia
363 3265 435 3313 non
452 3241 606 3338 fingere:
634 3264 697 3312 nec
714 3239 801 3312 ultra
827 3262 996 3328 moratus,
1023 3239 1130 3338 quam
1146 3242 1234 3318 dum

258 3361 463 3456 Scytharum
493 3358 622 3433 auxilia
651 3358 818 3449 conciret,
854 3359 966 3457 pergit
990 3385 1169 3457 properus,
1199 3367 1234 3441 δι

258 3478 472 3577 praeveniens
496 3477 717 3552 inimicorum
749 3479 851 3569 astus,
891 3477 1084 3553 amicorum
1123 3479 1233 3576 paeni,

258 3598 422 3675 tentiam:
441 3622 555 3695 neque
571 3617 712 3671 exuerat
731 3600 921 3695 paedorem,
946 3619 983 3671 ut
999 3600 1147 3698 vulgum
1164 3600 1232 3673 mi.

257 3710 423 3796 seratione
446 3717 654 3789 adverteret:
686 3743 756 3790 non
772 3717 876 3808 fraus,
903 3744 974 3791 non
992 3745 1121 3815 preces,
1147 3721 1233 3799 nihil

258 3839 434 3928 omissum,
453 3861 525 3933 quo
548 3835 732 3931 ambiguos
757 3837 922 3926 inliceret,
952 3839 1102 3934 prompti
1117 3839 1234 3919 sirma-

259 3977 387 4035 rentur.
436 3961 588 4056 Jamque
609 3957 718 4033 multa
734 3982 839 4036 manu
856 3957 1051 4056 propinqua
1069 3958 1232 4041 Seleucia
