2986 5138
262 622 328 672 102
484 595 526 667 C.
550 594 787 666 Coruum
811 592 993 665 Tacrrt

257 764 346 838 beris
368 765 529 838 onustus:
555 764 613 838 sed
634 765 766 838 suberat
790 765 927 838 occulta
947 760 1100 834 formido
1124 783 1230 859 repu-

258 885 422 974 tantibus,
453 886 591 956 “haud
614 883 814 981 prosperum
838 883 874 953 in
898 878 1012 954 Druso
1034 901 1132 976 patre
1159 879 1231 978 ejua

258 1002 459 1075 “favorem
491 1003 614 1099 vulgi:
645 1006 858 1089 avunculum
890 1000 1042 1099 ejusdem
1074 1001 1230 1072 Marcel-

261 1129 287 1164 “
306 1124 378 1194 lum
405 1120 627 1219 flagrantibus
657 1122 767 1217 plebis
795 1119 915 1193 studiis
940 1120 1029 1192 intra
1046 1117 1232 1216 juventam

260 1246 288 1284 “
307 1261 488 1335 ereptum:
524 1242 643 1312 breves
673 1246 706 1312 δι
735 1238 896 1312 infaustos
925 1236 1047 1336 populi
1075 1236 1234 1310 Romani

260 1367 289 1403 “
307 1362 478 1431 amores.’'

307 1480 424 1551 XLII.
443 1480 639 1551 Caranum
655 1476 831 1566 Tiberius,
850 1475 993 1549 nomine
1009 1473 1227 1565 Germanici,

255 1617 410 1668 trecenos
428 1596 521 1690 plebi
538 1594 699 1668 sestertios
715 1595 845 1667 viritim
861 1595 972 1682 dedit,
998 1593 1103 1692 seque
1120 1595 1228 1666 colle-

258 1740 340 1811 gam
363 1711 551 1786 consulatui
573 1712 644 1811 ejus
665 1713 876 1786 destinavit:
906 1738 970 1785 nec
992 1710 1072 1785 ideo
1089 1715 1229 1784 smeerae

256 1831 401 1905 caritatis
422 1833 528 1906 fidem
552 1832 744 1921 adsecutus,
770 1831 905 1905 amoliri
923 1829 1092 1930 juvenem
1114 1827 1229 1926 specie

201 2009 203 2012 >
256 1950 397 2024 honoris
412 1951 540 2040 statuit,
555 1951 747 2048 struxitque
764 1951 893 2041 causas,
911 1968 969 2023 aut
985 1946 1076 2019 forte
1093 1949 1228 2020 oblatas

255 2069 411 2166 arripuit.
472 2074 553 2143 Rex'
583 2071 772 2143 Archelaus
804 2070 1132 2167 quinquagesimum
1165 2093 1228 2140 an-

255 2214 343 2259 num
382 2187 602 2283 Cappadocia
645 2189 854 2284 potiebatur,
898 2186 1026 2260 invisus
1065 2186 1227 2275 Tiberio,

256 2304 354 2400 qubd
387 2330 469 2377 eum
503 2306 623 2378 Rhodi
655 2327 817 2402 agentem
850 2309 948 2379 nullo
981 2305 1098 2379 officio
1131 2307 1229 2379 colu·

255 2419 354 2494 iffet:
386 2447 449 2493 nec
476 2422 512 2494 id
540 2425 730 2496 Archelaus
757 2450 817 2521 per
837 2424 1032 2522 superbiam
1053 2423 1228 2514 omiserat,

255 2534 312 2607 sed
340 2540 385 2608 ab
414 2538 543 2611 intimis
572 2541 720 2637 Augusti
751 2545 928 2630 monitus3
969 2546 1051 2641 quia
1082 2547 1230 2617 florente

254 2655 296 2725 C.
321 2653 464 2744 Caesare,
493 2656 659 2753 miffoque
687 2661 730 2732 ad
757 2687 808 2733 res
832 2663 997 2752 Orientis,
1026 2663 1137 2735 intuta
1160 2662 1226 2733 Ti·

176 2852 184 2865 ,
254 2772 337 2844 berii
371 2774 521 2846 amicitia
553 2777 764 2853 credebatur.
825 2783 892 2870 Ut,
926 2785 1023 2854 versa
1054 2780 1230 2855 Caesarum

254 2889 386 2978 sobole,
419 2892 601 2988 imperium
632 2898 774 2993 adeptus
802 2899 863 2988 est,
894 2900 986 2971 elicit
1016 2903 1230 2973 Archelaum

254 3008 372 3080 matris
402 3009 519 3099 literis,
555 3038 647 3109 quae,
681 3041 751 3087 non
779 3017 993 3089 diffimulatis
1023 3018 1086 3091 filii
1116 3020 1228 3091 offen-

254 3126 425 3216 sronibuS,
447 3132 665 3204 clementiam
687 3136 865 3223 offerebat,
892 3138 914 3207 (ι
939 3137 982 3208 ad
1011 3141 1228 3232 precandum

253 3245 410 3317 veniret:
443 3247 499 3319 ille
521 3248 659 3345 ignarus
681 3252 767 3340 doli,
797 3255 854 3324 rel
881 3257 902 3324 sr
930 3254 1124 3351 intelligere
1151 3283 1226 3329 cre-

251 3364 389 3436 deretur
416 3366 488 3437 vim
517 3388 686 3457 metuens,
718 3370 753 3440 in
781 3374 917 3443 Urbem
946 3395 1127 3470 properat:
1163 3401 1226 3446 ex-

252 3483 438 3580 ceptusque
462 3487 585 3562 immiti
608 3514 628 3558 a
650 3488 814 3584 principe,
840 3495 872 3561 ὃ(
889 3518 976 3565 mox
991 3492 1167 3564 accusatus
1185 3493 1223 3564 in

252 3597 389 3684 senatu;
418 3630 488 3675 non
508 3608 554 3677 ob
577 3604 723 3676 crimina
740 3632 816 3703 quae
834 3611 1065 3705 fingebantur,
1085 3609 1144 3680 sed
1161 3636 1223 3680 an-

254 3741 350 3809 gore,
371 3723 465 3792 sunul
484 3721 583 3793 fessus
600 3722 704 3811 semu,
726 3731 757 3795 ἃ
775 3727 856 3821 quia
873 3728 1010 3824 regibus
1027 3752 1142 3822 aequa,
1160 3753 1222 3799 ne-

251 3833 339 3901 dum
357 3835 488 3924 infima,
516 3838 646 3910 insolita
662 3839 751 3930 sunt,
776 3846 882 3916 finem
900 3844 993 3930 vitae,
1012 3842 1149 3939 sponte,
1177 3872 1224 3916 an

252 3945 324 4027 fato
339 3949 507 4049 implerit.
558 3961 725 4052 Regnum
745 3958 781 4030 in
803 3961 1017 4057 provinciam
1040 3962 1224 4037 redactum
