2986 5138
443 535 749 607 Annnrrum
780 538 895 610 Lrn.
928 537 989 611 IV.
1169 563 1238 639 255

274 729 392 784 tamen
424 712 648 788 dubitabatur
674 713 711 785 in
735 717 916 789 Neronem
942 720 975 789 δι
1004 716 1239 815 Agrippinam

271 830 416 904 intendi.

319 952 456 1024 LXXI.
482 953 536 1025 Νι
557 976 651 1026 mnu
671 953 874 1026 destinatum
893 952 993 1045 foret,
1018 952 1117 1028 suum
1142 982 1237 1053 quae·

270 1096 341 1168 que
358 1070 394 1142 in
410 1097 541 1144 annum
557 1069 696 1163 referre,
720 1075 844 1147 avebat
859 1074 995 1147 animus
1013 1075 1154 1164 anteire,
1173 1076 1238 1149 sta·

270 1191 404 1289 timque
416 1215 609 1264 memorare
626 1192 750 1281 exitus,
770 1218 856 1290 quos
874 1193 1031 1266 latinius
1044 1214 1146 1290 atque
1161 1198 1237 1293 Op-

269 1314 348 1400 srus,
378 1311 551 1407 ceterique
580 1310 704 1409 flagitii
742 1309 813 1408 ejus
849 1332 1037 1407 repertores
1073 1314 1237 1404 habuere,

268 1456 340 1502 non
368 1429 476 1502 modi>
504 1430 688 1526 postquam
705 1432 746 1503 C.
763 1430 875 1504 Caesar
893 1457 1007 1503 rerum
1024 1431 1153 1527 potitus
1174 1435 1236 1524 est,

268 1547 326 1621 sed
365 1549 532 1621 incolumi
555 1547 721 1621 Tiberio:
769 1550 828 1648 qui
859 1548 1023 1622 scelerum
1052 1551 1236 1642 ministros,

267 1685 308 1739 ut
326 1666 471 1762 perverti
497 1668 542 1740 ab
569 1668 643 1739 aliis
659 1670 812 1759 nolebat,
833 1669 879 1742 ita
907 1671 1113 1767 plerumque
1139 1670 1236 1746 satia·

267 1807 334 1878 tus,
364 1792 397 1860 &
415 1787 538 1860 oblatis
553 1787 589 1858 in
606 1791 766 1861 eamdem
782 1813 923 1885 operam
940 1790 1148 1880 recentibus,
1174 1817 1236 1864 ve·

265 1924 351 1979 teres
370 1910 402 1979 &
419 1933 613 2007 praegraves
629 1907 790 1981 adflixit:
817 1909 938 1980 venlm
955 1909 1015 1979 has
1036 1927 1138 2005 atque
1154 1909 1235 1985 alias

264 2024 415 2097 sontium
434 2052 568 2121 poenas,
597 2027 633 2098 in
649 2047 804 2123 tempore
820 2027 1005 2099 trademus.
1040 2029 1137 2101 Tum
1153 2054 1234 2102 cen·

264 2141 328 2216 suit
360 2145 497 2217 Asinius
535 2147 670 2236 Gallus,
702 2143 799 2242 cujus
822 2145 1009 2219 liberorum
1034 2146 1235 2245 Agrippina

261 2284 444 2336 matertera
469 2285 567 2355 erat,.
580 2266 809 2362 “petendum
828 2291 849 2338 a
873 2265 1046 2362 Principe,
1064 2287 1103 2339 ut
1119 2289 1233 2344 metus

264 2390 292 2425 “
310 2382 384 2455 suos
432 2383 560 2455 senatui
601 2382 772 2473 fateretur,
812 2388 1035 2483 amoverique
1075 2389 1233 2461 fineret.”

262 2503 410 2576 Nullam
432 2504 531 2600 aque
556 2502 732 2589 Tiberius,
758 2520 797 2575 ut
819 2506 970 2593 rebatur,
987 2530 1033 2578 ex
1048 2505 1231 2581 virtutibus

260 2618 341 2710 suis,
367 2621 473 2717 qu‘arn
492 2619 792 2695 diffimulationem
818 2622 1011 2720 diligebat:
1039 2624 1081 2698 ei>
1105 2628 1231 2724 aegritls

262 2739 410 2835 accepit,
441 2739 571 2812 recludi
605 2766 683 2837 quae
721 2763 918 2836 premeret:
966 2742 1024 2815 sed
1055 2745 1230 2844 mitigavit

260 2856 413 2953 Sejanus,
440 2883 511 2930 non
529 2858 621 2930 Galli
638 2884 767 2948 amore,
797 2861 918 2933 verirm
936 2882 974 2934 ut
997 2864 1230 2940 cunctationes

259 2975 428 3072 Principis
445 2976 680 3072 aperirentur:
708 3004 834 3075 gnarus
856 2980 989 3053 lentum
1004 2981 1041 3053 in
1058 2983 1228 3056 meditan-

258 3097 330 3180 do;
358 3095 417 3167 ubi
443 3096 661 3193 prorupisset,
684 3097 832 3171 tristibus
861 3098 959 3172 dietis
984 3100 1111 3174 atrocia
1138 3101 1227 3177 frua

258 3211 479 3311 conjungere.
543 3218 608 3288 Per
639 3217 733 3289 idem
766 3236 904 3314 tempus
941 3219 1035 3312 Julia
1077 3242 1225 3295 mortem

256 3334 358 3422 obiit,
392 3360 498 3430 quam
524 3354 665 3432 neptem
693 3337 884 3433 Augustus,
913 3337 1109 3410 contollam
1126 3342 1225 3412 adul·

256 3452 344 3542 terii,
374 3453 612 3544 damnaverat,
639 3453 894 3553 projeceratque
923 3456 958 3528 in
986 3454 1129 3529 insulam
1146 3459 1225 3531 Tri·

255 3593 402 3662 metum,
431 3575 524 3646 haud
554 3576 676 3670 procul
704 3575 830 3671 Apulis
855 3574 1022 3648 litoribus.
1071 3574 1146 3649 Illic
1170 3576 1223 3680 yi-

255 3691 342 3788 ginti
369 3692 465 3765 annis
483 3693 638 3766 exsilium
656 3694 830 3782 toleravit,
865 3694 1033 3790 Augustae
1057 3718 1125 3791 ope
1156 3694 1223 3769 sus-

255 3830 409 3886 tentata:
432 3839 509 3910 quae
531 3815 693 3886 florentes
712 3813 889 3910 privignos
906 3813 987 3887 clun
1019 3836 1081 3911 per
1105 3817 1222 3889 occul·
