2986 5138
462 564 980 679 Ann'riruunxml.
1146 631 1212 708 ¹33

249 781 275 815 ‘⁴
292 794 350 847 aut
367 776 506 849 maritus
519 802 622 874 eques
640 781 822 851 Romanus
839 777 949 850 fuillet
964 780 1000 849 :’‘
1033 804 1114 851 narn
1137 777 1212 852 Vis-

244 895 318 967 tilia
357 898 513 992 praetorid
543 898 671 970 familia
712 898 840 994 genita,
896 896 1072 970 licentiam
1107 897 1213 994 stupri

244 1016 338 1110 apud
354 1014 470 1087 aediles
486 1017 688 1113 vulgaverat
702 1046 713 1102 ;
733 1042 830 1089 more
845 1017 932 1088 inter
947 1036 1078 1089 veteres
1094 1040 1212 1112 recep·

244 1152 296 1222 t0,
337 1134 398 1230 qui
426 1131 503 1206 satis
527 1161 712 1231 poenarum
740 1135 922 1207 adversum
951 1134 1145 1230 impudicas
1177 1134 1213 1208 in

244 1252 315 1348 ipsl
339 1252 539 1349 professione
555 1254 677 1351 flagitii
694 1257 891 1326 credebant.
943 1254 1118 1326 Exadum
1138 1258 1172 1325 δι
1193 1278 1215 1327 a

242 1371 378 1445 Titidio
399 1374 580 1461 Labeone,
594 1373 733 1445 Vistiliae
750 1373 885 1461 marit0,
917 1379 944 1414 “
958 1395 1020 1445 cur
1046 1371 1083 1443 in
1105 1396 1215 1445 uxore

245 1497 272 1532 “
291 1490 407 1563 delicti
442 1489 621 1565 manifesta
659 1493 828 1564 ultionem
877 1491 962 1589 legis
995 1490 1154 1564 omisisset
1172 1491 1213 1564 ?'’

242 1632 348 1706 atque
365 1609 426 1682 illo
443 1610 676 1706 praetendente
709 1609 931 1709 “sexaginta
958 1609 1031 1682 dies
1057 1611 1103 1683 ad
1128 1635 1213 1683 con·

244 1736 272 1771 “
290 1726 488 1801 sultandutn
526 1731 624 1802 datos
658 1731 810 1803 necdum
862 1729 1093 1825 praeteriiffe,’'
1135 1727 1215 1802 satis

242 1845 354 1918 visum
372 1847 417 1918 de
435 1847 565 1920 Vistilia
582 1847 736 1921 statuere.
788 1851 909 1946 anue
927 1848 964 1920 in
985 1845 1130 1920 insulam
1153 1850 1213 1920 Se·

241 1966 368 2062 tiphon
384 1966 501 2039 abdita
517 1967 575 2040 est.
626 1969 756 2040 Adum
780 1972 813 2038 dr
838 1969 883 2040 de
906 1965 1005 2039 sacris
1031 1965 1214 2063 AEgyptiis

209 2054 226 2087 ο
242 2085 464 2182 Judaicisque
477 2085 667 2183 pellendis:
695 2083 897 2182 saelumque
919 2105 1057 2180 patrum
1079 2083 1214 2158 cousul-

242 2225 334 2295 tum,
358 2213 440 2278 “ut
462 2224 612 2303 quatuor
634 2205 742 2278 millia
765 2203 913 2278 libertini
938 2204 1074 2300 generis
1099 2210 1139 2279 en
1158 2205 1213 2278 su-

243 2332 270 2368 “
290 2324 484 2420 perstitione
514 2323 650 2414 infedla,
691 2326 769 2421 quls
798 2323 1031 2414 idonea‘aetas,
1056 2325 1093 2397 in
1120 2321 1213 2398 insu·

244 2443 359 2514 “lam
397 2443 586 2516 Sardiniam
624 2444 868 2533 veherentur,''
911 2443 1111 2518 co‘e‘rcendis
1142 2442 1215 2516 illic

242 2563 441 2651 latrociniis,
468 2569 516 2652 dc,
551 2567 574 2635 fi
602 2567 650 2637 ob
679 2564 885 2660 gravitatem
901 2564 976 2637 caeli
1001 2563 1214 2654 interiiffent,

243 2683 311 2754 vile
334 2685 529 2755 damnum:
567 2691 594 2725 “
613 2684 716 2756 ceteri
745 2684 906 2757 cederent
930 2684 1214 2774 Italid,‘nis1cer·

245 2807 272 2842 “
290 2821 363 2872 tam
380 2801 569 2873 antediem
591 2801 753 2899 profanos
764 2802 845 2877 ritus
861 2803 1066 2877 exuissent?

288 2921 496 2992 LXXXVI.
522 2923 622 2994 Posr
642 2948 719 3019 quae
736 2921 851 2994 retulit
873 2919 997 3013 Caesar‚
1023 2929 1051 2965 “
1072 2922 1211 3019 capien-

246 3046 272 3081 “
290 3040 374 3110 dam
396 3039 566 3137 virginem
590 3040 627 3113 in
655 3042 774 3113 locum
797 3040 956 3132 Occiae,’'
982 3068 1061 3139 quae
1082 3039 1214 3138 septem

243 3165 278 3231 ὅτ
311 3159 564 3256 quinquaginta
598 3185 660 3256 per
693 3186 799 3233 annos
837 3158 968 3234 lumml
991 3160 1214 3235 sanctimonia

243 3277 434 3350 Vestalibus
451 3276 547 3350 sacris
560 3263 784 3374 praesederat:
811 3278 952 3376 egitque
985 3300 1096 3376 grates
1118 3281 1212 3352 Fon-

242 3395 311 3468 teio
325 3396 507 3493 Agrippa,
523 3401 555 3469 a
569 3396 728 3470 Domitio
745 3397 911 3487 Pollioni,
947 3405 973 3440 ‘⁶
989 3395 1100 3494 qudd,
1122 3398 1212 3470 *offe-

242 3524 269 3558 “
288 3516 396 3588 tendo
425 3516 532 3606 filias,.
563 3517 608 3589 de
631 3516 746 3589 officio
785 3517 820 3588 in
851 3516 1103 3612 rempublicam
1137 3540 1213 3589 cer·

243 3645 270 3680 “
289 3638 437 3708 tarent.''
486 3637 632 3708 Praelata
656 3636 704 3707 est
741 3633 906 3707 Pollionis
941 3633 1025 3724 filia,
1060 3660 1132 3708 non
1165 3637 1213 3708 ob

241 3754 349 3843 aliud,
376 3755 484 3851 quam
502 3756 599 3852 qudd
623 3774 733 3826 mater
755 3752 826 3849 ejus
851 3753 887 3826 in
908 3755 1033 3826 eodem
1049 3751 1213 3851 conjugio

242 3876 422 3948 manebat:
448 3899 530 3947 nam
544 3873 706 3971 Agrippa
718 3872 863 3946 discidio
882 3874 1030 3948 domum
1046 3872 1212 3948 imminu-

243 3995 247 4009 .
723 3993 756 4063 K
779 4019 801 4086 3
