2986 5138
337 595 381 666 16
541 592 583 663 C.
615 592 889 665 Coruum
924 592 1129 665 Tacrrr

332 789 477 860 Scaurus
493 785 577 882 quia
591 785 739 876 dixerat,
762 785 899 883 “spem
914 789 982 860 effe
1004 812 1052 860 ex
1072 812 1116 860 eo
1132 812 1205 859 non
1215 786 1301 861 inri-

332 914 361 949 “
385 926 437 980 tas
453 904 524 977 sore
540 903 672 976 senatus
689 930 817 1001 preces,
837 904 934 1001 quod
949 906 1105 978 relationi
1121 904 1303 980 consulum

332 1031 362 1067 “
381 1023 457 1122 jure
492 1024 683 1097 tribuniciae
721 1023 891 1120 potestatis
933 1050 1003 1096 non
1040 1024 1303 1098 intercessisset?

331 1147 374 1216 ln
407 1144 593 1216 Haterium
625 1142 738 1214 statim
756 1142 911 1214 inveetus
938 1143 1010 1229 est3
1036 1144 1216 1233 Scaruttm,
1245 1145 1303 1217 cui
1335 1234 1338 1243 Ι

329 1261 585 1358 implacabilius
602 1259 817 1349 irascebatur,
847 1261 977 1334 silentio
989 1262 1152 1335 truntifit:
1185 1260 1302 1336 sellus-

330 1406 403 1478 que
419 1383 567 1452 clamore
581 1378 754 1469 omnium,
781 1380 1053 1475 expostulatione
1074 1383 1302 1478 singulorum,

330 1499 430 1574 flexit
448 1497 641 1595 paullatim,
667 1524 736 1570 non
761 1517 801 1569 ut
818 1497 979 1571 firteretur
991 1497 1114 1596 suscipi
1135 1527 1160 1572 a
1181 1499 1215 1574 se
1233 1501 1302 1574 im·

328 1620 478 1714 perium,
507 1615 565 1688 sed
581 1636 619 1687 ut
636 1641 760 1713 negare
793 1620 827 1688 δι
854 1616 967 1714 rogari
983 1618 1158 1690 deflueret.
1207 1620 1302 1693 Con·

330 1737 394 1810 stat
412 1735 611 1824 Haterium,
632 1736 714 1807 clun
729 1735 936 1831 deprecandi
952 1733 1051 1808 mun
1063 1735 1231 1830 palatium
1245 1737 1301 1811 in·

331 1855 471 1944 troisset,
484 1852 760 1950 ambulantisque
769 1853 901 1927 Tiberii
918 1878 1031 1951 genua
1045 1854 1300 1946 advolveretur,

332 1975 440 2071 prope
455 2000 476 2046 a
492 1973 663 2046 militibus
675 1970 908 2064 intersetlum,
925 1971 1008 2070 quia
1022 1970 1185 2046 Tiberius
1209 1971 1303 2064 casu,

328 2119 375 2167 an
396 2095 554 2167 manibus
581 2091 652 2191 ejus
680 2093 880 2188 impeditus,
919 2091 1138 2189 prociderat:
1185 2118 1302 2192 aeque

326 2233 446 2287 tamen
463 2213 615 2309 periculo
631 2210 707 2283 talis
731 2210 795 2282 viri
817 2210 995 2309 mitigatus
1004 2211 1068 2302 est,
1092 2213 1206 2287 donee
1223 2217 1302 2289 Ha-

324 2333 432 2404 terius
458 2331 652 2429 Augustam
677 2350 803 2420 oraret,
829 2326 969 2427 ejusque
987 2331 1200 2407 curatiffitrn's
1223 2358 1301 2431 pre—

326 2449 426 2523 cibus
455 2469 699 2547 protegeretur.

376 2571 473 2642 XIV.
491 2571 644 2641 Munra
664 2587 800 2664 patrum
817 2571 851 2640 δι
868 2568 905 2641 in
924 2568 1118 2667 Augustam
1132 2569 1298 2644 adulatio.

331 2686 403 2762 Alii
428 2701 602 2785 parentent,
627 2686 688 2759 alii
716 2701 844 2758 matrem
875 2691 995 2784 palmia
1027 2688 1298 2785 adpellandam3

327 2805 484 2903 plerique
517 2825 554 2877 ut
583 2806 715 2879 nomini
752 2807 892 2879 Caesaris
923 2805 1177 2898 adscriberent,
1201 2807 1303 2900 Juliae

320 2925 424 3015 fitius,
456 2923 648 2997 censebant.
698 2927 760 2997 llle
792 2933 820 2969 “
841 2927 1070 2999 moderandos
1095 2925 1301 3003 serniuarum

333 3050 361 3086 “
380 3046 563 3133 honores,”
589 3043 762 3132 diffitens,
791 3051 820 3086 “
837 3045 1032 3141 eademque
1056 3045 1301 3146 seoemperan-

329 3170 357 3205 “
375 3162 422 3234 tia
439 3160 577 3234 usurum
595 3162 631 3234 in
647 3163 700 3234 his
729 3189 807 3259 quae
824 3164 885 3236 fibi
902 3164 1132 3239 tribuerentur
1144 3168 1182 3252 ;”
1207 3189 1299 3242 oete-

323 3284 406 3355 vlrm
422 3281 546 3355 anxius
563 3280 706 3372 invidis,
735 3282 955 3357 &muliebre
975 3280 1150 3382 fastigium
1177 3287 1214 3360 iu
1239 3291 1301 3363 de-

327 3401 559 3475 minutionem
573 3399 625 3474 sul
638 3401 823 3498 accipiens,
857 3427 901 3474 ne
929 3402 1086 3475 libiorum
1099 3407 1246 3501 quidem
1269 3408 1302 3482 ei

324 3521 465 3594 decerni
498 3522 610 3618 palliis
642 3521 714 3594 est:
746 3546 910 3619 aramque
935 3521 1144 3618 adoptionis,
1168 3527 1202 3595 δι
1233 3525 1301 3598 alia
1402 3506 1404 3510 Ι

326 3639 565 3738 hujuscemodi
610 3640 795 3736 prohibuit.
857 3645 907 3713 At
935 3640 1144 3713 Germanico
1176 3641 1299 3714 Caesari

326 3757 565 3854 proconsulare
580 3758 765 3855 imperium
782 3760 919 3856 petivit,
940 3759 1096 3856 misfique
1116 3759 1220 3856 legati
1238 3762 1300 3857 qui

325 3874 508 3964 deferrent,
527 3879 626 3949 simul
651 3877 846 3951 maestitiam
873 3878 945 3978 ejus
957 3880 1008 3952 ob
1022 3879 1200 3951 excessum
1222 3885 1300 3953 Au-

330 3993 418 4091 gusti
432 3991 628 4069 solarentur.
676 3997 875 4094 Quominus
895 3997 990 4075 idem
1006 4023 1070 4099 pro
1096 3998 1210 4076 Dmso
1236 4026 1300 4100 po·
