2986 5138
300 580 403 658 xxxii

301 757 336 850 J.
353 755 550 827 Gronovius
567 750 722 850 pluribus
735 749 820 825 locis
845 748 936 847 (rid.
953 772 989 824 tn
1001 775 1034 827 c.
1050 752 1096 827 ad
1111 751 1196 844 XV,
1215 756 1275 847 64.

300 875 403 962 XVI,
426 900 456 946 1.
473 875 556 961 XV,
579 898 633 945 11.
657 890 731 944 not.
748 897 778 943 1.
800 896 855 945 ro.
877 869 940 944 ubi
956 869 1042 944 mire
1062 870 1096 945 se
1112 872 1276 971 expedit)
1383 912 1386 919 ·

299 992 454 1067 irascitur
469 992 651 1081 Beroaldo,
673 992 784 1079 aliter,
810 1014 917 1086 quam
932 989 968 1062 in
986 991 1188 1065 Florentino
1205 995 1279 1068 Co·

300 1111 380 1185 dice
393 1110 487 1200 effer,
511 1109 641 1200 edenti,
667 1108 872 1207 quaeritque,
895 1109 957 1181 ubi
973 1109 1094 1182 oculos
1109 1111 1278 1186 habuerit.

300 1232 443 1328 Nempe
460 1229 655 1327 longissime
677 1231 723 1301 ab
749 1228 811 1300 illo
833 1227 965 1301 Codice
988 1229 1202 1323 Florentino,
1226 1230 1277 1305 se-

300 1376 410 1448 quens
427 1375 538 1422 unum
554 1347 758 1444 exemplum
775 1346 873 1420 suurn
885 1348 1074 1420 Venetum.
1111 1350 1179 1423 Sed
1194 1375 1275 1451 age,

299 1468 468 1565 exemplis
485 1466 617 1563 aliquot
630 1486 750 1562 praetcr
766 1490 820 1556 ea,
838 1491 917 1562 quae
932 1486 1013 1539 ante
1030 1466 1276 1563 indicavimus,

300 1588 431 1687 positis,
456 1611 530 1659 rem
548 1586 687 1682 planam
709 1584 886 1659 faciamus.
937 1591 984 1659 Α.
997 1588 1101 1678 XIII,
1124 1613 1178 1676 14.
1199 1588 1277 1663 init.

300 1712 335 1781 ilc
362 1708 416 1781 H.
442 1708 507 1794 IV,
537 1729 595 1775 21.
624 1705 705 1778 MS.
734 1705 829 1777 Flor.
857 1706 1050 1777 arbitrium:
1073 1708 1147 1779 Ber.
1172 1707 1276 1803 priori

299 1827 379 1900 loco
416 1827 596 1915 arbitrium,
631 1826 739 1897 altero
770 1825 938 1914 arbitrum,
979 1844 1018 1897 ut
1054 1825 1275 1899 Puteolanus.

299 1948 404 2036 XIII,
431 1971 489 2017 21.
519 1965 609 2019 extr.
636 1946 785 2017 verbum
812 1958 914 2016 mater
938 1942 1033 2017 abest
1058 1968 1079 2016 a
1104 1945 1198 2017 Flor.
1226 1946 1278 2020 est

299 2092 358 2165 ap.
382 2068 458 2139 Ber.
476 2064 537 2138 ubi
562 2066 596 2158 J.
614 2065 723 2135 Gron.
753 2066 877 2134 interim
893 2087 953 2135 vox
969 2082 1079 2136 mater
1102 2089 1159 2136 non
1181 2067 1223 2160 est
1244 2070 1279 2180 ip

300 2183 491 2280 vetustiffimo
506 2181 663 2270 Mediceo,
688 2183 882 2278 undecunque
906 2207 973 2255 eom
988 2187 1164 2279 arripuerit
1180 2183 1277 2257 Brrol

232 2398 236 2403 Ι
298 2307 410 2376 aldus:
439 2324 567 2396 nempe
583 2325 603 2376 e
621 2300 835 2387 Puteolan03
864 2321 903 2374 ut
925 2327 956 2375 c.
975 2328 995 2374 2
1000 2324 1032 2399 5.
1046 2305 1271 2400 gladiatorum,

298 2447 363 2521 pro
375 2419 581 2517 gladiatores,
607 2420 704 2515 quod
719 2419 768 2492 est
792 2419 828 2493 in
847 2421 939 2493 Flor.
956 2446 987 2495 c.
1006 2447 1065 2518 3¹·
1087 2426 1275 2518 extruserat,

299 2568 365 2641 pro
386 2552 567 2614 extmxerat
595 2557 661 2612 etc.
713 2538 830 2613 Etiam
858 2557 998 2636 peccata
1025 2541 1277 2639 typographica

298 2659 423 2735 Veneti
447 2657 526 2732 libri
543 2656 671 2730 servata
698 2658 765 2731 effe
791 2658 827 2731 in
844 2657 1048 2732 Beroaldina
1072 2681 1166 2757 patet
1192 2688 1227 2735 v.
1244 2689 1277 2737 c.

298 2781 464 2869 A.X111,
478 2804 538 2876 49.
563 2777 599 2850 in
610 2780 717 2851 verbo
733 2780 900 2873 irfidebot,
923 2804 986 2876 pro
999 2781 1167 2854 incedebat.
1191 2784 1275 2874 XV,
1325 2796 1329 2803 '

299 2903 357 2997 58.
382 2898 418 2971 in
435 2900 566 2971 lotatum
590 2899 822 2993 prolatatum.
863 2897 1039 2973 Diffensus
1051 2925 1072 2974 a
1086 2901 1277 2975 Puteolano

298 3019 461 3114 exempla
485 3015 563 3090 sunt
586 3017 689 3104 XIV,
720 3044 754 3114 9.
783 3015 819 3087 in
839 3017 1028 3112 produntur.
1055 3043 1086 3091 c.
1108 3021 1163 3092 16.
1185 3039 1277 3094 extr.

297 3137 335 3211 in
366 3138 567 3210 eruebantur.
593 3160 625 3207 c.
655 3157 708 3232 17.
742 3135 778 3207 in
806 3142 994 3209 contentione.
1036 3140 1121 3231 XV,
1153 3165 1212 3236 30.
1239 3138 1276 3212 in

293 3258 408 3355 postero
424 3274 490 3328 etc.
528 3251 646 3351 Hujus
662 3253 741 3327 libri
759 3257 961 3352 exemplum
976 3256 1096 3348 habui,
1124 3257 1276 3355 primum

297 3375 452 3449 editurus
476 3376 540 3447 hos
570 3372 673 3446 libros
698 3399 718 3447 e
745 3373 959 3450 Bibliotheca
986 3375 1114 3450 Ducali
1138 3375 1275 3451 Vinari-

296 3499 381 3585 ensr,
397 3495 553 3592 inquam
577 3518 597 3566 e
613 3495 670 3566 M.
684 3493 793 3566 Gudii
810 3493 1019 3569 bibliotheca
1036 3519 1097 3592 per
1111 3495 1274 3570 Schurtz·

298 3614 491 3688 fleischium
509 3615 642 3687 illatum
660 3612 734 3699 est;
760 3639 833 3686 non
857 3615 971 3687 multo
988 3614 1066 3712 post
1090 3614 1159 3689 erni
1185 3615 1273 3690 mihi

299 3733 548 3829 pulcerrimum
565 3757 585 3808 e
600 3730 780 3809 Britannia.

807 3853 941 3928 Ernesti
963 3879 1000 3954 p.
1013 3856 1216 3949 24—28.
