<?xml version="1.0" encoding="UTF-8"?>
<!DOCTYPE html PUBLIC "-//W3C//DTD XHTML 1.0 Transitional//EN"
    "http://www.w3.org/TR/xhtml1/DTD/xhtml1-transitional.dtd">
<html xmlns="http://www.w3.org/1999/xhtml" xml:lang="en" lang="en">
 <head>
  <title>
</title>
<meta http-equiv="Content-Type" content="text/html;charset=utf-8" />
  <meta name='ocr-system' content='tesseract 3.04.00' />
  <meta name='ocr-capabilities' content='ocr_page ocr_carea ocr_par ocr_line ocrx_word'/>
</head>
<body>
  <div class='ocr_page' id='page_1' title='image "./ccorneliitaciti03ernegoog_0175.png"; bbox 0 0 2986 5138; ppageno 0'>
   <div class='ocr_carea' id='block_1_1' title="bbox 254 540 1004 624">
    <p class='ocr_par' dir='ltr' id='par_1_1' title="bbox 254 540 1004 624">
     <span class='ocr_line' id='line_1_1' title="bbox 254 540 1004 624; baseline -0.012 0"><span class='ocrx_word' id='word_1_1' title='bbox 254 551 320 624; x_wconf 90' lang='lat'>118</span> <span class='ocrx_word' id='word_1_2' title='bbox 496 545 538 616; x_wconf 89' lang='lat' dir='ltr'>C.</span> <span class='ocrx_word' id='word_1_3' title='bbox 563 544 799 616; x_wconf 77' lang='lat' dir='ltr'>Conuaarr</span> <span class='ocrx_word' id='word_1_4' title='bbox 825 540 1004 615; x_wconf 76' lang='lat' dir='ltr'>Tncrrt</span> 
     </span>
    </p>
   </div>
   <div class='ocr_carea' id='block_1_2' title="bbox 246 712 1230 2470">
    <p class='ocr_par' dir='ltr' id='par_1_2' title="bbox 246 712 1230 1640">
     <span class='ocr_line' id='line_1_2' title="bbox 252 712 1222 816; baseline -0.007 -21"><span class='ocrx_word' id='word_1_5' title='bbox 252 725 354 795; x_wconf 88' lang='lat' dir='ltr'>rebus</span> <span class='ocrx_word' id='word_1_6' title='bbox 371 717 456 816; x_wconf 90' lang='lat' dir='ltr'>ejus,</span> <span class='ocrx_word' id='word_1_7' title='bbox 482 716 649 789; x_wconf 90' lang='lat' dir='ltr'>ultionem</span> <span class='ocrx_word' id='word_1_8' title='bbox 665 713 772 787; x_wconf 84' lang='lat' dir='ltr'>ausus.</span> <span class='ocrx_word' id='word_1_9' title='bbox 822 715 855 786; x_wconf 92' lang='lat' dir='ltr'>Is</span> <span class='ocrx_word' id='word_1_10' title='bbox 879 712 992 785; x_wconf 77' lang='lat' dir='ltr'>valida</span> <span class='ocrx_word' id='word_1_11' title='bbox 1013 737 1119 786; x_wconf 86' lang='lat' dir='ltr'>manu</span> <span class='ocrx_word' id='word_1_12' title='bbox 1137 716 1222 788; x_wconf 78' lang='lat' dir='ltr'>linea</span> 
     </span>
     <span class='ocr_line' id='line_1_3' title="bbox 251 829 1222 931; baseline -0.006 -19"><span class='ocrx_word' id='word_1_13' title='bbox 251 843 585 912; x_wconf 83' lang='lat' dir='ltr'>Marcomannorum</span> <span class='ocrx_word' id='word_1_14' title='bbox 599 833 800 931; x_wconf 82' lang='lat' dir='ltr'>ingreditur,</span> <span class='ocrx_word' id='word_1_15' title='bbox 817 829 1050 928; x_wconf 82' lang='lat' dir='ltr'>corruptisque</span> <span class='ocrx_word' id='word_1_16' title='bbox 1064 832 1222 927; x_wconf 91' lang='lat' dir='ltr'>primori·</span> 
     </span>
     <span class='ocr_line' id='line_1_4' title="bbox 252 949 1224 1049; baseline -0.004 -21"><span class='ocrx_word' id='word_1_17' title='bbox 252 959 318 1029; x_wconf 90' lang='lat' dir='ltr'>bus</span> <span class='ocrx_word' id='word_1_18' title='bbox 330 957 374 1027; x_wconf 92' lang='lat' dir='ltr'>ad</span> <span class='ocrx_word' id='word_1_19' title='bbox 386 953 595 1042; x_wconf 88' lang='lat' dir='ltr'>societatem,</span> <span class='ocrx_word' id='word_1_20' title='bbox 624 950 788 1047; x_wconf 81' lang='lat' dir='ltr'>inrumpit</span> <span class='ocrx_word' id='word_1_21' title='bbox 803 950 949 1047; x_wconf 83' lang='lat' dir='ltr'>regiam,</span> <span class='ocrx_word' id='word_1_22' title='bbox 977 949 1224 1049; x_wconf 88' lang='lat' dir='ltr'>castellumque</span> 
     </span>
     <span class='ocr_line' id='line_1_5' title="bbox 246 1069 1223 1169; baseline -0.004 -23"><span class='ocrx_word' id='word_1_23' title='bbox 246 1071 349 1169; x_wconf 75' lang='lat' dir='ltr'>juxta</span> <span class='ocrx_word' id='word_1_24' title='bbox 364 1077 480 1145; x_wconf 82' lang='lat' dir='ltr'>suum:</span> <span class='ocrx_word' id='word_1_25' title='bbox 498 1092 637 1143; x_wconf 77' lang='lat' dir='ltr'>&#39;veteres</span> <span class='ocrx_word' id='word_1_26' title='bbox 649 1070 720 1142; x_wconf 90' lang='lat' dir='ltr'>illic</span> <span class='ocrx_word' id='word_1_27' title='bbox 731 1071 924 1143; x_wconf 78' lang='lat' dir='ltr'>saevorum</span> <span class='ocrx_word' id='word_1_28' title='bbox 941 1069 1079 1165; x_wconf 80' lang='lat' dir='ltr'>praedae,</span> <span class='ocrx_word' id='word_1_29' title='bbox 1104 1069 1223 1142; x_wconf 88' lang='lat' dir='ltr'>&amp;nos-</span> 
     </span>
     <span class='ocr_line' id='line_1_6' title="bbox 252 1187 1224 1286; baseline -0.001 -23"><span class='ocrx_word' id='word_1_30' title='bbox 252 1191 311 1264; x_wconf 87' lang='lat' dir='ltr'>tris</span> <span class='ocrx_word' id='word_1_31' title='bbox 328 1217 348 1263; x_wconf 87' lang='lat' dir='ltr'>e</span> <span class='ocrx_word' id='word_1_32' title='bbox 365 1189 551 1286; x_wconf 81' lang='lat' dir='ltr'>provinciis</span> <span class='ocrx_word' id='word_1_33' title='bbox 565 1189 660 1278; x_wconf 83' lang='lat' dir='ltr'>lixae,</span> <span class='ocrx_word' id='word_1_34' title='bbox 684 1215 724 1261; x_wconf 92' lang='lat' dir='ltr'>ac</span> <span class='ocrx_word' id='word_1_35' title='bbox 738 1187 967 1285; x_wconf 84' lang='lat' dir='ltr'>negotiatores</span> <span class='ocrx_word' id='word_1_36' title='bbox 979 1187 1117 1282; x_wconf 85' lang='lat' dir='ltr'>reperti,</span> <span class='ocrx_word' id='word_1_37' title='bbox 1135 1214 1224 1286; x_wconf 87' lang='lat' dir='ltr'>quos</span> 
     </span>
     <span class='ocr_line' id='line_1_7' title="bbox 247 1304 1222 1408; baseline -0.001 -26"><span class='ocrx_word' id='word_1_38' title='bbox 247 1308 306 1408; x_wconf 86' lang='lat' dir='ltr'>jus</span> <span class='ocrx_word' id='word_1_39' title='bbox 334 1308 547 1396; x_wconf 85' lang='lat' dir='ltr'>commercii,</span> <span class='ocrx_word' id='word_1_40' title='bbox 584 1307 665 1379; x_wconf 89' lang='lat' dir='ltr'>dein</span> <span class='ocrx_word' id='word_1_41' title='bbox 691 1307 821 1403; x_wconf 91' lang='lat' dir='ltr'>cupido</span> <span class='ocrx_word' id='word_1_42' title='bbox 846 1304 998 1403; x_wconf 86' lang='lat' dir='ltr'>augendi</span> <span class='ocrx_word' id='word_1_43' title='bbox 1026 1310 1222 1400; x_wconf 85' lang='lat' dir='ltr'>pecuniam,</span> 
     </span>
     <span class='ocr_line' id='line_1_8' title="bbox 255 1422 1230 1524; baseline 0 -25"><span class='ocrx_word' id='word_1_44' title='bbox 255 1429 466 1524; x_wconf 79' lang='lat' dir='ltr'>postremum</span> <span class='ocrx_word' id='word_1_45' title='bbox 483 1425 614 1499; x_wconf 78' lang='lat' dir='ltr'>oblivio</span> <span class='ocrx_word' id='word_1_46' title='bbox 631 1424 762 1521; x_wconf 85' lang='lat' dir='ltr'>patriae,</span> <span class='ocrx_word' id='word_1_47' title='bbox 787 1422 854 1496; x_wconf 87' lang='lat' dir='ltr'>suis</span> <span class='ocrx_word' id='word_1_48' title='bbox 871 1448 1047 1520; x_wconf 84' lang='lat' dir='ltr'>quemque</span> <span class='ocrx_word' id='word_1_49' title='bbox 1072 1426 1118 1497; x_wconf 84' lang='lat' dir='ltr'>ab</span> <span class='ocrx_word' id='word_1_50' title='bbox 1138 1425 1230 1499; x_wconf 75' lang='lat' dir='ltr'>sedi-</span> 
     </span>
     <span class='ocr_line' id='line_1_9' title="bbox 255 1541 878 1640; baseline -0.011 -21"><span class='ocrx_word' id='word_1_51' title='bbox 255 1549 320 1620; x_wconf 90' lang='lat' dir='ltr'>bus</span> <span class='ocrx_word' id='word_1_52' title='bbox 337 1545 497 1617; x_wconf 88' lang='lat' dir='ltr'>hostilem</span> <span class='ocrx_word' id='word_1_53' title='bbox 511 1544 546 1616; x_wconf 91' lang='lat' dir='ltr'>in</span> <span class='ocrx_word' id='word_1_54' title='bbox 559 1568 681 1640; x_wconf 81' lang='lat' dir='ltr'>agrum</span> <span class='ocrx_word' id='word_1_55' title='bbox 698 1541 878 1615; x_wconf 87' lang='lat' dir='ltr'>transtulit.</span> 
     </span>
    </p>

    <p class='ocr_par' dir='ltr' id='par_1_3' title="bbox 255 1659 1228 2470">
     <span class='ocr_line' id='line_1_10' title="bbox 303 1659 1228 1757; baseline 0.001 -21"><span class='ocrx_word' id='word_1_56' title='bbox 303 1665 438 1736; x_wconf 90' lang='lat' dir='ltr'>LXIII.</span> <span class='ocrx_word' id='word_1_57' title='bbox 452 1666 713 1735; x_wconf 77' lang='lat' dir='ltr'>Manoaoouo</span> <span class='ocrx_word' id='word_1_58' title='bbox 730 1660 885 1757; x_wconf 90' lang='lat' dir='ltr'>undique</span> <span class='ocrx_word' id='word_1_59' title='bbox 900 1659 1032 1735; x_wconf 88' lang='lat' dir='ltr'>deserto</span> <span class='ocrx_word' id='word_1_60' title='bbox 1045 1687 1115 1734; x_wconf 91' lang='lat' dir='ltr'>non</span> <span class='ocrx_word' id='word_1_61' title='bbox 1131 1662 1228 1738; x_wconf 80' lang='lat' dir='ltr'>aliud</span> 
     </span>
     <span class='ocr_line' id='line_1_11' title="bbox 255 1778 1224 1886; baseline -0.003 -30"><span class='ocrx_word' id='word_1_62' title='bbox 255 1781 457 1870; x_wconf 88' lang='lat' dir='ltr'>subfidium,</span> <span class='ocrx_word' id='word_1_63' title='bbox 483 1782 590 1878; x_wconf 67' lang='lat' dir='ltr'>quiam</span> <span class='ocrx_word' id='word_1_64' title='bbox 604 1778 831 1852; x_wconf 86' lang='lat' dir='ltr'>misericordia</span> <span class='ocrx_word' id='word_1_65' title='bbox 846 1778 985 1854; x_wconf 82' lang='lat' dir='ltr'>Caesaris</span> <span class='ocrx_word' id='word_1_66' title='bbox 1000 1779 1089 1854; x_wconf 88' lang='lat' dir='ltr'>fuit:</span> <span class='ocrx_word' id='word_1_67' title='bbox 1120 1781 1224 1886; x_wconf 65' lang='lat' dir='ltr'>tratas-</span> 
     </span>
     <span class='ocr_line' id='line_1_12' title="bbox 257 1898 1224 1999; baseline -0.001 -26"><span class='ocrx_word' id='word_1_68' title='bbox 257 1902 385 1999; x_wconf 82' lang='lat' dir='ltr'>greffus</span> <span class='ocrx_word' id='word_1_69' title='bbox 397 1899 614 1987; x_wconf 84' lang='lat' dir='ltr'>Danubium,</span> <span class='ocrx_word' id='word_1_70' title='bbox 642 1899 711 1995; x_wconf 74' lang='lat' dir='ltr'>qua</span> <span class='ocrx_word' id='word_1_71' title='bbox 727 1898 895 1971; x_wconf 85' lang='lat' dir='ltr'>Noricam</span> <span class='ocrx_word' id='word_1_72' title='bbox 911 1898 1122 1995; x_wconf 85' lang='lat' dir='ltr'>provinciam</span> <span class='ocrx_word' id='word_1_73' title='bbox 1135 1925 1224 1996; x_wconf 77' lang='lat' dir='ltr'>pra-</span> 
     </span>
     <span class='ocr_line' id='line_1_13' title="bbox 256 2015 1224 2115; baseline -0.003 -21"><span class='ocrx_word' id='word_1_74' title='bbox 256 2018 348 2108; x_wconf 90' lang='lat' dir='ltr'>fluit,</span> <span class='ocrx_word' id='word_1_75' title='bbox 373 2018 498 2115; x_wconf 75' lang='lat' dir='ltr'>scripsit</span> <span class='ocrx_word' id='word_1_76' title='bbox 511 2017 667 2106; x_wconf 89' lang='lat' dir='ltr'>Tiberio,</span> <span class='ocrx_word' id='word_1_77' title='bbox 688 2043 758 2089; x_wconf 92' lang='lat' dir='ltr'>non</span> <span class='ocrx_word' id='word_1_78' title='bbox 769 2036 806 2089; x_wconf 83' lang='lat' dir='ltr'>ut</span> <span class='ocrx_word' id='word_1_79' title='bbox 819 2016 986 2114; x_wconf 86' lang='lat' dir='ltr'>profugus</span> <span class='ocrx_word' id='word_1_80' title='bbox 996 2037 1055 2090; x_wconf 88' lang='lat' dir='ltr'>aut</span> <span class='ocrx_word' id='word_1_81' title='bbox 1065 2015 1224 2115; x_wconf 84' lang='lat' dir='ltr'>supplex,</span> 
     </span>
     <span class='ocr_line' id='line_1_14' title="bbox 256 2133 1226 2231; baseline 0 -22"><span class='ocrx_word' id='word_1_82' title='bbox 256 2136 315 2211; x_wconf 92' lang='lat' dir='ltr'>sed</span> <span class='ocrx_word' id='word_1_83' title='bbox 326 2163 370 2209; x_wconf 89' lang='lat' dir='ltr'>ex</span> <span class='ocrx_word' id='word_1_84' title='bbox 384 2136 550 2209; x_wconf 71' lang='lat' dir='ltr'>memoria</span> <span class='ocrx_word' id='word_1_85' title='bbox 562 2134 682 2231; x_wconf 92' lang='lat' dir='ltr'>prioris</span> <span class='ocrx_word' id='word_1_86' title='bbox 694 2133 852 2208; x_wconf 87' lang='lat' dir='ltr'>fortunae.</span> <span class='ocrx_word' id='word_1_87' title='bbox 887 2138 1023 2209; x_wconf 87' lang='lat' dir='ltr'>“Nam</span> <span class='ocrx_word' id='word_1_88' title='bbox 1035 2136 1153 2210; x_wconf 90' lang='lat' dir='ltr'>multis</span> <span class='ocrx_word' id='word_1_89' title='bbox 1165 2163 1226 2210; x_wconf 88' lang='lat' dir='ltr'>na·</span> 
     </span>
     <span class='ocr_line' id='line_1_15' title="bbox 258 2253 1226 2352; baseline 0.003 -25"><span class='ocrx_word' id='word_1_90' title='bbox 258 2264 287 2300; x_wconf 92' lang='lat'><strong>“</strong></span> <span class='ocrx_word' id='word_1_91' title='bbox 304 2255 454 2328; x_wconf 90' lang='lat' dir='ltr'>tionibus</span> <span class='ocrx_word' id='word_1_92' title='bbox 479 2253 696 2326; x_wconf 86' lang='lat' dir='ltr'>clariffimum</span> <span class='ocrx_word' id='word_1_93' title='bbox 722 2256 902 2350; x_wconf 91' lang='lat' dir='ltr'>quondam</span> <span class='ocrx_word' id='word_1_94' title='bbox 920 2279 1038 2352; x_wconf 82' lang='lat' dir='ltr'>regem</span> <span class='ocrx_word' id='word_1_95' title='bbox 1055 2254 1147 2330; x_wconf 88' lang='lat' dir='ltr'>adse</span> <span class='ocrx_word' id='word_1_96' title='bbox 1163 2283 1226 2330; x_wconf 86' lang='lat' dir='ltr'>vo·</span> 
     </span>
     <span class='ocr_line' id='line_1_16' title="bbox 258 2371 1226 2470; baseline 0.004 -25"><span class='ocrx_word' id='word_1_97' title='bbox 258 2381 287 2418; x_wconf 89' lang='lat'><strong>“</strong></span> <span class='ocrx_word' id='word_1_98' title='bbox 306 2373 475 2460; x_wconf 87' lang='lat' dir='ltr'>cantibus,</span> <span class='ocrx_word' id='word_1_99' title='bbox 490 2375 689 2445; x_wconf 81' lang='lat' dir='ltr'>Romanam</span> <span class='ocrx_word' id='word_1_100' title='bbox 702 2371 892 2446; x_wconf 84' lang='lat' dir='ltr'>amicitiam</span> <span class='ocrx_word' id='word_1_101' title='bbox 903 2373 1120 2470; x_wconf 78' lang='lat' dir='ltr'>praetulille.’&#39;</span> <span class='ocrx_word' id='word_1_102' title='bbox 1153 2381 1226 2451; x_wconf 87' lang='lat' dir='ltr'>Re-</span> 
     </span>
    </p>
   </div>
   <div class='ocr_carea' id='block_1_3' title="bbox 257 2486 1347 2590">
    <p class='ocr_par' dir='ltr' id='par_1_4' title="bbox 257 2486 1347 2590">
     <span class='ocr_line' id='line_1_17' title="bbox 257 2486 1347 2590; baseline 0.006 -26"><span class='ocrx_word' id='word_1_103' title='bbox 257 2489 419 2588; x_wconf 88' lang='lat' dir='ltr'>sponsum</span> <span class='ocrx_word' id='word_1_104' title='bbox 430 2515 450 2561; x_wconf 88' lang='lat' dir='ltr'>a</span> <span class='ocrx_word' id='word_1_105' title='bbox 461 2486 602 2577; x_wconf 88' lang='lat' dir='ltr'>Caesare,</span> <span class='ocrx_word' id='word_1_106' title='bbox 618 2496 646 2531; x_wconf 92' lang='lat'><strong>“</strong></span> <span class='ocrx_word' id='word_1_107' title='bbox 661 2510 772 2564; x_wconf 87' lang='lat' dir='ltr'>tutam</span> <span class='ocrx_word' id='word_1_108' title='bbox 786 2490 816 2563; x_wconf 92' lang='lat' dir='ltr'>ei</span> <span class='ocrx_word' id='word_1_109' title='bbox 831 2494 1103 2590; x_wconf 86' lang='lat' dir='ltr'>honoratamque</span> <span class='ocrx_word' id='word_1_110' title='bbox 1113 2494 1227 2569; x_wconf 85' lang='lat' dir='ltr'>sedem</span> <span class='ocrx_word' id='word_1_111' title='bbox 1338 2534 1347 2550; x_wconf 90' lang='lat'><strong>·</strong></span> 
     </span>
    </p>
   </div>
   <div class='ocr_carea' id='block_1_4' title="bbox 158 2604 1306 4019">
    <p class='ocr_par' dir='ltr' id='par_1_5' title="bbox 158 2604 1230 3297">
     <span class='ocr_line' id='line_1_18' title="bbox 259 2604 1228 2708; baseline 0.008 -28"><span class='ocrx_word' id='word_1_112' title='bbox 259 2615 288 2653; x_wconf 90' lang='lat'><strong>“</strong></span> <span class='ocrx_word' id='word_1_113' title='bbox 306 2609 341 2680; x_wconf 91' lang='lat' dir='ltr'>in</span> <span class='ocrx_word' id='word_1_114' title='bbox 356 2608 453 2680; x_wconf 69' lang='lat' dir='ltr'>ltalia</span> <span class='ocrx_word' id='word_1_115' title='bbox 469 2604 555 2696; x_wconf 89' lang='lat' dir='ltr'>fore,</span> <span class='ocrx_word' id='word_1_116' title='bbox 582 2611 604 2680; x_wconf 89' lang='lat' dir='ltr'>s1</span> <span class='ocrx_word' id='word_1_117' title='bbox 627 2631 804 2683; x_wconf 87' lang='lat' dir='ltr'>maneret:</span> <span class='ocrx_word' id='word_1_118' title='bbox 832 2613 879 2683; x_wconf 86' lang='lat' dir='ltr'>fin</span> <span class='ocrx_word' id='word_1_119' title='bbox 903 2613 1006 2684; x_wconf 91' lang='lat' dir='ltr'>rebus</span> <span class='ocrx_word' id='word_1_120' title='bbox 1032 2610 1103 2708; x_wconf 83' lang='lat' dir='ltr'>ejus</span> <span class='ocrx_word' id='word_1_121' title='bbox 1132 2613 1228 2687; x_wconf 88' lang='lat' dir='ltr'>aliud</span> 
     </span>
     <span class='ocr_line' id='line_1_19' title="bbox 158 2725 1227 2825; baseline 0.007 -27"><span class='ocrx_word' id='word_1_122' title='bbox 158 2802 162 2809; x_wconf 60' lang='grc'>,</span> <span class='ocrx_word' id='word_1_123' title='bbox 260 2733 288 2770; x_wconf 82' lang='grc'><strong>“</strong></span> <span class='ocrx_word' id='word_1_124' title='bbox 306 2728 526 2815; x_wconf 85' lang='lat' dir='ltr'>conduceret,</span> <span class='ocrx_word' id='word_1_125' title='bbox 552 2725 727 2799; x_wconf 85' lang='lat' dir='ltr'>abiturum</span> <span class='ocrx_word' id='word_1_126' title='bbox 744 2730 827 2818; x_wconf 88' lang='lat' dir='ltr'>fide,</span> <span class='ocrx_word' id='word_1_127' title='bbox 863 2732 933 2825; x_wconf 75' lang='lat' dir='ltr'>qual</span> <span class='ocrx_word' id='word_1_128' title='bbox 957 2730 1133 2804; x_wconf 84' lang='lat' dir='ltr'>veniffet.&#39;&#39;</span> <span class='ocrx_word' id='word_1_129' title='bbox 1159 2734 1227 2806; x_wconf 87' lang='lat' dir='ltr'>Ce-</span> 
     </span>
     <span class='ocr_line' id='line_1_20' title="bbox 257 2844 1228 2947; baseline 0.005 -27"><span class='ocrx_word' id='word_1_130' title='bbox 257 2847 373 2920; x_wconf 73' lang='lat' dir='ltr'>terum</span> <span class='ocrx_word' id='word_1_131' title='bbox 383 2847 475 2941; x_wconf 87' lang='lat' dir='ltr'>apud</span> <span class='ocrx_word' id='word_1_132' title='bbox 485 2844 638 2918; x_wconf 89' lang='lat' dir='ltr'>senatum</span> <span class='ocrx_word' id='word_1_133' title='bbox 648 2845 813 2937; x_wconf 78' lang='lat' dir='ltr'>disseruit,</span> <span class='ocrx_word' id='word_1_134' title='bbox 833 2855 860 2890; x_wconf 90' lang='lat'><strong>“</strong></span> <span class='ocrx_word' id='word_1_135' title='bbox 872 2874 941 2921; x_wconf 91' lang='lat' dir='ltr'>non</span> <span class='ocrx_word' id='word_1_136' title='bbox 958 2849 1159 2947; x_wconf 90' lang='lat' dir='ltr'>Philippum</span> <span class='ocrx_word' id='word_1_137' title='bbox 1176 2858 1228 2925; x_wconf 90' lang='lat' dir='ltr'>A·</span> 
     </span>
     <span class='ocr_line' id='line_1_21' title="bbox 260 2964 1228 3068; baseline 0.008 -32"><span class='ocrx_word' id='word_1_138' title='bbox 260 2973 288 3009; x_wconf 91' lang='lat'><strong>“</strong></span> <span class='ocrx_word' id='word_1_139' title='bbox 307 2964 548 3053; x_wconf 83' lang='lat' dir='ltr'>theniensrbus,</span> <span class='ocrx_word' id='word_1_140' title='bbox 567 2990 638 3036; x_wconf 91' lang='lat' dir='ltr'>non</span> <span class='ocrx_word' id='word_1_141' title='bbox 650 2966 834 3058; x_wconf 88' lang='lat' dir='ltr'>Pyrrhum,</span> <span class='ocrx_word' id='word_1_142' title='bbox 848 2988 906 3039; x_wconf 92' lang='lat' dir='ltr'>aut</span> <span class='ocrx_word' id='word_1_143' title='bbox 921 2969 1150 3061; x_wconf 85' lang='lat' dir='ltr'>Antiochum,</span> <span class='ocrx_word' id='word_1_144' title='bbox 1166 2998 1228 3068; x_wconf 91' lang='lat' dir='ltr'>po-</span> 
     </span>
     <span class='ocr_line' id='line_1_22' title="bbox 261 3082 1229 3179; baseline 0.013 -27"><span class='ocrx_word' id='word_1_145' title='bbox 261 3089 290 3126; x_wconf 90' lang='lat'><strong>“</strong></span> <span class='ocrx_word' id='word_1_146' title='bbox 310 3085 393 3179; x_wconf 93' lang='lat' dir='ltr'>pulo</span> <span class='ocrx_word' id='word_1_147' title='bbox 409 3087 572 3156; x_wconf 93' lang='lat' dir='ltr'>Romano</span> <span class='ocrx_word' id='word_1_148' title='bbox 585 3082 723 3178; x_wconf 92' lang='lat' dir='ltr'>perinde</span> <span class='ocrx_word' id='word_1_149' title='bbox 734 3088 937 3158; x_wconf 87' lang='lat' dir='ltr'>metuendos</span> <span class='ocrx_word' id='word_1_150' title='bbox 950 3086 1081 3162; x_wconf 80' lang='lat' dir='ltr'>fuisse.”</span> <span class='ocrx_word' id='word_1_151' title='bbox 1111 3091 1229 3164; x_wconf 84' lang='lat' dir='ltr'>Exstat</span> 
     </span>
     <span class='ocr_line' id='line_1_23' title="bbox 260 3200 1230 3297; baseline 0.011 -25"><span class='ocrx_word' id='word_1_152' title='bbox 260 3201 384 3291; x_wconf 89' lang='lat' dir='ltr'>orati0,</span> <span class='ocrx_word' id='word_1_153' title='bbox 413 3207 441 3241; x_wconf 92' lang='lat'><strong>“</strong></span> <span class='ocrx_word' id='word_1_154' title='bbox 460 3203 527 3297; x_wconf 68' lang='lat' dir='ltr'>qua</span> <span class='ocrx_word' id='word_1_155' title='bbox 543 3200 818 3297; x_wconf 84' lang='lat' dir='ltr'>magnitudinem</span> <span class='ocrx_word' id='word_1_156' title='bbox 836 3204 916 3296; x_wconf 87' lang='lat' dir='ltr'>viri,</span> <span class='ocrx_word' id='word_1_157' title='bbox 935 3206 1135 3282; x_wconf 88' lang='lat' dir='ltr'>violentiam</span> <span class='ocrx_word' id='word_1_158' title='bbox 1150 3209 1230 3284; x_wconf 90' lang='lat' dir='ltr'>sub·</span> 
     </span>
    </p>

    <p class='ocr_par' dir='ltr' id='par_1_6' title="bbox 258 3307 1306 4019">
     <span class='ocr_line' id='line_1_24' title="bbox 262 3307 1306 3424; baseline 0.01 -32"><span class='ocrx_word' id='word_1_159' title='bbox 262 3329 290 3364; x_wconf 92' lang='lat'><strong>“</strong></span> <span class='ocrx_word' id='word_1_160' title='bbox 301 3320 473 3418; x_wconf 73' lang='lat' dir='ltr'>jeclarum</span> <span class='ocrx_word' id='word_1_161' title='bbox 486 3320 516 3392; x_wconf 90' lang='lat' dir='ltr'>ei</span> <span class='ocrx_word' id='word_1_162' title='bbox 530 3321 701 3417; x_wconf 87' lang='lat' dir='ltr'>gentium,</span> <span class='ocrx_word' id='word_1_163' title='bbox 728 3326 762 3394; x_wconf 74' lang='grc' dir='ltr'>δι</span> <span class='ocrx_word' id='word_1_164' title='bbox 776 3325 882 3419; x_wconf 74' lang='lat' dir='ltr'>quam</span> <span class='ocrx_word' id='word_1_165' title='bbox 896 3327 1110 3424; x_wconf 88' lang='lat' dir='ltr'>propinquus</span> <span class='ocrx_word' id='word_1_166' title='bbox 1123 3328 1229 3401; x_wconf 84' lang='lat' dir='ltr'>ltaliae</span> <span class='ocrx_word' id='word_1_167' title='bbox 1303 3307 1306 3311; x_wconf 19' lang='grc' dir='ltr'>Ι</span> 
     </span>
     <span class='ocr_line' id='line_1_25' title="bbox 262 3438 1228 3537; baseline 0.006 -25"><span class='ocrx_word' id='word_1_168' title='bbox 262 3446 289 3482; x_wconf 87' lang='grc'><strong>“</strong></span> <span class='ocrx_word' id='word_1_169' title='bbox 308 3441 427 3530; x_wconf 85' lang='lat' dir='ltr'>hostis,</span> <span class='ocrx_word' id='word_1_170' title='bbox 457 3438 583 3537; x_wconf 89' lang='lat' dir='ltr'>suaque</span> <span class='ocrx_word' id='word_1_171' title='bbox 604 3440 639 3511; x_wconf 92' lang='lat' dir='ltr'>in</span> <span class='ocrx_word' id='word_1_172' title='bbox 661 3442 866 3515; x_wconf 89' lang='lat' dir='ltr'>destruendo</span> <span class='ocrx_word' id='word_1_173' title='bbox 882 3468 925 3516; x_wconf 88' lang='lat' dir='ltr'>eo</span> <span class='ocrx_word' id='word_1_174' title='bbox 942 3447 1103 3520; x_wconf 84' lang='lat' dir='ltr'>confilia&#39;&#39;</span> <span class='ocrx_word' id='word_1_175' title='bbox 1130 3467 1228 3518; x_wconf 87' lang='lat' dir='ltr'>extu-</span> 
     </span>
     <span class='ocr_line' id='line_1_26' title="bbox 260 3558 1227 3655; baseline 0.003 -24"><span class='ocrx_word' id='word_1_176' title='bbox 260 3558 311 3631; x_wconf 90' lang='lat' dir='ltr'>lit.</span> <span class='ocrx_word' id='word_1_177' title='bbox 363 3563 408 3630; x_wconf 90' lang='lat' dir='ltr'>Et</span> <span class='ocrx_word' id='word_1_178' title='bbox 426 3560 665 3632; x_wconf 86' lang='lat' dir='ltr'>Maroboduus</span> <span class='ocrx_word' id='word_1_179' title='bbox 677 3560 819 3655; x_wconf 88' lang='lat' dir='ltr'>quidem</span> <span class='ocrx_word' id='word_1_180' title='bbox 833 3565 1012 3637; x_wconf 86' lang='lat' dir='ltr'>Ravennae</span> <span class='ocrx_word' id='word_1_181' title='bbox 1028 3564 1176 3650; x_wconf 89' lang='lat' dir='ltr'>habitus,</span> <span class='ocrx_word' id='word_1_182' title='bbox 1205 3567 1227 3634; x_wconf 82' lang='lat' dir='ltr'>sr</span> 
     </span>
     <span class='ocr_line' id='line_1_27' title="bbox 260 3676 1227 3777; baseline 0.004 -30"><span class='ocrx_word' id='word_1_183' title='bbox 260 3679 402 3772; x_wconf 89' lang='lat' dir='ltr'>quando</span> <span class='ocrx_word' id='word_1_184' title='bbox 414 3676 646 3750; x_wconf 89' lang='lat' dir='ltr'>insolescerent</span> <span class='ocrx_word' id='word_1_185' title='bbox 659 3679 775 3770; x_wconf 82' lang='lat' dir='ltr'>Saevi,</span> <span class='ocrx_word' id='word_1_186' title='bbox 804 3685 895 3777; x_wconf 75' lang='lat' dir='ltr'>quasi</span> <span class='ocrx_word' id='word_1_187' title='bbox 913 3681 1080 3754; x_wconf 89' lang='lat' dir='ltr'>rediturus</span> <span class='ocrx_word' id='word_1_188' title='bbox 1096 3681 1131 3751; x_wconf 93' lang='lat' dir='ltr'>in</span> <span class='ocrx_word' id='word_1_189' title='bbox 1148 3706 1227 3777; x_wconf 85' lang='lat' dir='ltr'>reg-</span> 
     </span>
     <span class='ocr_line' id='line_1_28' title="bbox 260 3795 1227 3896; baseline 0.002 -28"><span class='ocrx_word' id='word_1_190' title='bbox 260 3821 346 3869; x_wconf 87' lang='lat' dir='ltr'>num</span> <span class='ocrx_word' id='word_1_191' title='bbox 364 3797 616 3867; x_wconf 87' lang='lat' dir='ltr'>ostentabatur:</span> <span class='ocrx_word' id='word_1_192' title='bbox 644 3795 701 3868; x_wconf 90' lang='lat' dir='ltr'>sed</span> <span class='ocrx_word' id='word_1_193' title='bbox 718 3824 788 3869; x_wconf 93' lang='lat' dir='ltr'>non</span> <span class='ocrx_word' id='word_1_194' title='bbox 806 3803 940 3873; x_wconf 81' lang='lat' dir='ltr'>excellat</span> <span class='ocrx_word' id='word_1_195' title='bbox 956 3800 1051 3872; x_wconf 69' lang='lat' dir='ltr'>ltalia</span> <span class='ocrx_word' id='word_1_196' title='bbox 1067 3825 1126 3896; x_wconf 90' lang='lat' dir='ltr'>per</span> <span class='ocrx_word' id='word_1_197' title='bbox 1138 3801 1227 3871; x_wconf 87' lang='lat' dir='ltr'>duo·</span> 
     </span>
     <span class='ocr_line' id='line_1_29' title="bbox 258 3912 1227 4019; baseline 0.006 -35"><span class='ocrx_word' id='word_1_198' title='bbox 258 3912 427 4011; x_wconf 82' lang='lat' dir='ltr'>deviginti</span> <span class='ocrx_word' id='word_1_199' title='bbox 450 3940 581 4000; x_wconf 90' lang='lat' dir='ltr'>annos;</span> <span class='ocrx_word' id='word_1_200' title='bbox 608 3914 866 4019; x_wconf 88' lang='lat' dir='ltr'>consenuitque,</span> <span class='ocrx_word' id='word_1_201' title='bbox 893 3918 1043 3994; x_wconf 77' lang='lat' dir='ltr'>multum</span> <span class='ocrx_word' id='word_1_202' title='bbox 1061 3918 1227 3993; x_wconf 88' lang='lat' dir='ltr'>imminu-</span> 
     </span>
    </p>
   </div>
   <div class='ocr_carea' id='block_1_5' title="bbox 0 0 1507 5138">
    <p class='ocr_par' dir='ltr' id='par_1_7' title="bbox 0 0 1507 5138">
     <span class='ocr_line' id='line_1_30' title="bbox 0 0 1507 5138; baseline 0 0"><span class='ocrx_word' id='word_1_203' title='bbox 0 0 1507 5138; x_wconf 95' lang='lat' dir='ltr'> </span> 
     </span>
    </p>
   </div>
  </div>
 </body>
</html>
