2986 5138
319 555 388 628 194
483 525 1162 600 C.ConnssrrTnetrr&c.

316 702 473 785 secutus3
492 700 549 773 sed
566 725 633 772 avo
650 699 850 773 centurione
867 700 1021 790 Sullano,
1041 720 1137 797 patre
1162 719 1296 796 praeto·

317 821 380 893 rio.
431 816 657 891 Consulatum
683 820 713 891 ei
738 819 991 892 adceleraverat
1018 818 1212 916 Augustus,
1251 840 1297 892 ut

315 942 521 1013 Labeonem
551 937 756 1028 Antistium,
783 937 903 1011 iisdem
931 938 1061 1011 artibus
1091 939 1296 1033 praecellen·

317 1078 404 1147 tem,
431 1055 633 1154 dignatione
651 1054 722 1152 ejus
740 1057 958 1154 magistratio
974 1058 1127 1130 anteiret.
1176 1061 1294 1131 Narn-

316 1202 385 1274 que
406 1176 467 1248 illa
494 1197 574 1248 aetas
599 1177 672 1247 duo
704 1174 796 1270 pacis
822 1176 949 1248 decora
974 1178 1073 1249 simul
1102 1175 1204 1249 tulit:
1232 1176 1293 1249 sed

315 1298 441 1368 Labeo
466 1295 664 1390 incorruptb
692 1293 863 1383 libertate,
891 1298 924 1366 δι
948 1296 995 1368 ob
1021 1294 1057 1366 id
1084 1292 1176 1367 fami
1200 1296 1293 1367 cele-

316 1414 470 1488 bratior:
497 1412 679 1509 Capitonis
705 1411 911 1508 obsequium
933 1412 1199 1486 dominantibus
1216 1439 1294 1488 ma·

318 1532 370 1630 gis
389 1535 612 1629 probabatur.
649 1532 717 1620 llli,
745 1530 841 1629 qubd
870 1552 1056 1628 praeturam
1078 1531 1168 1604 intra
1184 1531 1293 1622 stetit,

316 1650 577 1723 commendatio
605 1675 649 1722 ex
667 1647 811 1747 injuri723
838 1650 933 1739 huic,
960 1649 1058 1748 qubd
1074 1648 1295 1725 consulatum

315 1771 460 1866 adeptus
477 1770 540 1858 est,
566 1770 687 1841 odium
702 1795 746 1841 ex
763 1769 896 1842 invidiis
912 1768 1098 1843 oriebatur.

363 1891 537 1963 LXXVI.
564 1891 621 1960 Er
645 1891 789 1983 Juntn,
815 1887 1027 1986 sexagesimo
1057 1909 1181 1986 quarto
1214 1889 1294 1987 post

315 2007 571 2106 Philippensem
599 2009 708 2081 aciem
741 2033 848 2097 ann0,
873 2006 1071 2103 supremum
1100 2008 1195 2082 diem
1229 2034 1293 2082 ex·-

317 2125 440 2223 plevit,
467 2127 602 2199 Catone
627 2129 802 2200 avunculo
832 2126 961 2224 genita,
987 2128 1030 2199 C.
1060 2128 1161 2199 castri
1187 2154 1293 2218 uxor,

315 2249 373 2320 M.
391 2245 487 2318 Bruti
511 2244 615 2317 soror.
664 2247 929 2320 Testamentum
958 2244 1031 2340 ejus
1060 2249 1171 2319 multo
1195 2247 1292 2343 apud

316 2365 467 2460 vulgum
499 2389 636 2436 rumore
669 2362 756 2450 suit3
782 2365 876 2460 quia,
914 2365 950 2436 in
983 2365 1118 2463 magnis
1151 2363 1295 2461 opibus,

317 2480 400 2553 cum
425 2479 532 2552 ferme
561 2483 706 2553 cunstos
735 2508 893 2578 proceres
915 2510 999 2557 cum
1023 2486 1155 2556 honore
1177 2484 1293 2557 nomi·

317 2599 474 2687 nausiet,
501 2598 670 2671 Caesarem
699 2599 836 2673 omisit:
875 2605 972 2699 quod
993 2603 1139 2677 civiliter
1167 2627 1294 2699 accep·

316 2699 418 2790 tuni:
446 2743 560 2812 neque
587 2719 764 2814 prohibuit
794 2722 983 2817 quominus
1012 2721 1209 2795 laudatione
1227 2747 1296 2817 pro

317 2834 443 2922 rostris,
471 2835 657 2933 ceterisque
686 2837 909 2914 sollemnibus
937 2842 1039 2914 sunus
1056 2841 1293 2913 cohonestare·

317 2976 383 3028 tur.
434 2955 567 3052 Viginti
600 2958 857 3032 clarissimarum
887 2961 1094 3032 familiarum
1124 2959 1295 3055 imagines

318 3075 474 3147 antelatae
498 3074 589 3163 sunt,
617 3078 758 3165 Manlii,
786 3080 955 3175 Qrinslii,
983 3078 1117 3175 aliaque
1140 3076 1294 3174 ejusdem

320 3193 508 3265 nobilitatis
538 3194 705 3266 nomina:
734 3196 791 3268 sed
816 3197 1081 3295 praefulgebant·
1097 3197 1226 3268 Cassius
1243 3213 1294 3266 at·

320 3339 389 3409 que
406 3316 544 3405 Brutus,
563 3340 605 3387 eo
623 3313 696 3412 ipso
714 3315 811 3414 quod
833 3318 963 3415 effigies
978 3343 1098 3390 eorum
1116 3341 1188 3388 non
1205 3311 1291 3387 vise·

320 3435 456 3506 bantur.
